@book{harrison2008a,
  author = {Harrison, Robert Pogue},
  title = {Gardens: An Essay on the Human Condition},
  year = {2008},
  publisher = {University of Chicago Press},
  
}

@book{abram1996a,
  author = {Abram, David},
  title = {The Spell of the Sensuous: Perception and Language in a More-Than-Human World},
  year = {1996},
  publisher = {Vintage},
  location = {New York}
}

@book{wylie1890a,
  author = {Wylie, Theophilus A.},
  title = {Indiana University, Its History from 1820, When Founded, to 1890, with Biographical Sketches of Its Presidents, Professor and Graduates, and a List of Its Students from 1820 to 1887},
  year = {1890},
  publisher = {Wm. B. Burford},
  location = {Indianapolis}
}
 
@collection{harding1904a,
  editor = {Harding, Samuel Bannister},
  title = {Indiana University, 1820--1904},
  year = {1904},
  publisher = {Indiana University},
  location = {Bloomington}
}

@book{woodburn1940a,
  author = {Woodburn, James A.},
  title = {History of Indiana University},
  year = {1940},
  subtitle = {Volume {I}, 1820--1902},
  publisher = {Indiana University},
  location = {Bloomington}
}

@book{myers1952a,
  author = {Myers, Burton Dorr},
  editor = {Myers, Burton D. and Chamness, Ivy L.},
  title = {History of Indiana University},
  subtitle = {Volume {II}, 1902--1937, {The} Bryan Administration},
  year = {1952},
  publisher = {Indiana University},
  location = {Bloomington}
}

@mvbook{clark1970a,
  author = {Clark, Thomas D.},
  title = {Indiana University: Midwestern Pioneer},
  year = {1970/1977},
  volumes = {4},
  publisher = {Indiana University Press},
  location = {Bloomington}
}

@book{clark1970b,
  author = {Clark, Thomas D.},
  publisher = {Indiana University Press},
  location = {Bloomington},
  title = {Indiana University: Midwestern Pioneer},
  subtitle = {Volume {I}: The Early Years},
  volumes = {4},
  year = {1970}
}

@book{clark1973a,
  author = {Clark, Thomas D.},
  publisher = {Indiana University Press},
  location = {Bloomington},
  title = {Indiana University: Midwestern Pioneer},
  subtitle = {Volume {II}: In Mid-Passage},
  volumes = {4},
  year = {1973}
}

@book{clark1977a,
  author = {Thomas D. Clark},
  location = {Bloomington},
  publisher = {Indiana University Press},
  title = {Indiana University: Midwestern Pioneer},
  subtitle = {Volume {III}: Years of Fulfillment},
  year = {1977},
  volumes = {4}
}


 

@book{gaines1991a,
  author = {Gaines, Thomas A.},
  title = {The Campus as a Work of Art},
  year = {1991},
  publisher = {Praeger},
  location = {New York}
}
 
 @book{clapacs2017a,
   author = {Clapacs, J. Terry},
   title = {Indiana University Bloomington: America's Legacy Campus},
   year = {2017},
   publisher = {Indiana University Press},
   location = {Bloomington}
}
 @incollection{caldwell1997a,
   author = {Caldwell, Lynton Keith},
   title = {Foreword: A Sense of Place},
   booktitle = {The Natural Heritage of Indiana},
   editor = {Jackson, Marion C.},
   year = {1997},
   publisher = {Indiana University Press},
   location = {Bloomington},
   pages = {xv--xvi}
}

 @book{counts2002a,
   author = {Counts, Will and Madison, James H. and Sanders, Scott Russell}, 
   publisher = {Indiana University Press},
   title = {Bloomington Past and Present},
   year = {2002},
   location = {Bloomington}
}

@incollection{capshew2011a,
  author = {Capshew, James H.},
  title = {Encounters with Genius Loci: Herman Wells at/and/of Indiana University},
  editor = {Geiger, R. L.},
  booktitle = {Iconic Leaders in Higher Education},
  series = {Perspectives on the History of Higher Education},
  number = {28},
  year = {2011},
  pages = {193--222}
}
@book{capshew2012a,
  author = {Capshew, James H.},
  title = {Herman {B} Wells: The Promise of the American University},
  year = {2012},
  publisher = {Indiana University Press and Indiana Historical Society Press},
  location = {Bloomington and Indianapolis}
}

@misc{sandweiss2024a,
  author = {Sandweiss, Eric},
  title = {Personal communication to the author},
  date = {2024-06-07}
}

@report{iu2020a,
  author = {{Office of the Bicentennial}},
  title = {Indiana University Bicentennial Final Report},
  publisher = {Indiana University},
  location = {Bloomington},
  year = {2020},
  url = {https://wayback.archive-it.org/219/20240413230003/https://200.iu.edu/doc/IU-bicentennial-final.pdf},
  urldate = {2025-03-05}
}

@book{madison2014a,
  author = {Madison, James H.},
  title = {Hoosiers: A New History of Indiana},
  year = {2014},
  publisher = {Indiana University Press and Indiana Historical Society Press},
  location = {Bloomington}
}

@report{cep2011a,
author = {{Center on Education Policy}},
title = {Public Schools and the Original Federal Land Grant Program},
subtitle = {A Background Paper from the Center on Education Policy},
year = {2011-04},
location = {Washington},
url = {https://eric.ed.gov/?id=ED518388},
urldate = {2025-03-07}  
}

@book{hall1916a,
  author = {Hall, Baynard Rush {(Robert Carlton, pseud.)}},
  nameaddon = {{(Robert Carlton, pseud.)}},
  editor = {Woodburn, J. A.},
  title = {The New Purchase, or, Seven and a Half Years in the Far West},
  year = {1916},
  publisher = {Princeton University Press},
  origdate = {1843}
}

@article{pering1933a,
  author = {Pering, Cornelius},
  journal = {Indiana University Alumni Quarterly},
  number = {20},
  title = {The Pering Letters of 1833},
  year = {1933},
  pages = {409--428}
}

@article{cravens1922a,
  author = {Cravens, John W.},
  journal = {Indiana University Alumni Quarterly},
  volume = {9},
  title = {Buildings on the Old and New Campuses of Indiana University},
  subtitle = {II: Six of the Buildings on the Old Campus},
  number = {2},
  year = {1922},
  pages = {156--164}
}

@unpublished{capshew2019a,
  author = {Capshew, James H.},
  institution = {Indiana University Archives},
  type = {Reference file: University Seal},
  title = {Memo University Seal},
  date = {2019-03-01}
}

@article{towne2018a,
  author = {Towne, Steven E.},
  journal = {200: The Bicentennial Magazine},
  number = {2},
  title = {Indiana University during the Civil War},
  pages = {18--19},
  volume = {1},
  year = {2018}
}

@booklet{iu1885a,
  author = {{Indiana University}},
  title = {Annual Catalogue of the Indiana University for the Academical Year 1885--86},
  year = {1886},
  location = {Bloomington},
  institution = {Indiana University}
}

@book{richardson2009a,
  author = {Richardson, Dixie Kline},
  title = {Baynard Rush Hall: His Story},
  year = {2009},
  publisher = {Dixie Kline Richardson},
  location = {Indianapolis}
}

@article{addis1839a,
  author = {Addis, Alfred},
  journal = {The Literary and Theological Review},
  number = {21},
  title = {Latin Grammars},
  volume = {6},
  year = {1839},
  pages = {59--66}
}

@book{hall1836a,
  author = {Hall, Baynard Rush},
  title = {Exercises, Analytical and Synthetical; Arranged for the New and Compendious Latin Grammar},
  year = {1836},
  publisher = {Harrison Hall},
  location = {Bedford}
}

@collection{blanchard1884a,
  editor = {Blanchard, Charles},
  title = {Counties of Morgan, Monroe, and Brown, Indiana: Historical and Biographical},
  year = {1884},
  publisher = {F.A. Battey \& Co.},
  location = {Chicago}
}

@book{hall1848a,
  author = {Hall, Baynard Rush},
  title = {Teaching, a Science: The Teacher an Artist},
  year = {1848},
  publisher = {Baker and Scribner},
  location = {New York}
}

@book{hall1852a,
  author = {Hall, Baynard Rush},
  title = {Frank Freeman's Barber Shop},
  year = {1852},
  publisher = {Scribner},
  location = {New York}
}

@letter{hall1855a,
  author = {Hall, Baynard Rush},
  title = {Letter to John Nunemacher},
  date = {1855-05-13}
}

@article{banta1914a,
  author = {Banta, David D.},
  journal = {Indiana University Alumni Quarterly},
  number = {4},
  title = {History of Indiana University: IV. The `Faculty War' of 1832},
  volume = {1},
  year = {1914},
  pages = {369--386}
}

@book{hall1855b,
  author = {Hall, Baynard Rush},
  title = {The New Purchase; or, Early Years in the Far West},
  year = {1855},
  publisher = {Jno. R. Nunemacher},
  location = {New Albany, IN},
  edition = {2nd}
}

@article{nytimes1863,
  journal = {New York Times},
  number = {},
  title = {Obituary: Baynard Rust [\textit{{s}ic}] Hall},
  pages = {5},
  date = {1863-01-27}
}

@book{banta1881a,
  author = {Banta, D.D.},
  publisher = {J.H. Beers \& Co.},
  title = {A Historical Sketch of Johnson County, Indiana},
  year = {1881},
  location = {Chicago}
}

@book{mccaslin1888a,
  author = {McCaslin, William and Banta, D.D.},
  title = {History of Johnson County, Indiana},
  year = {1888},
  publisher = {Brant \& Fuller},
  location = {Chicago}
}

@letter{wylie1881a,
  author = {Wylie, Theophilus},
  title = {Letter to Judge Andrew Wylie},
  date = {1881-07-18},
  note = {IUA/C202/B5/F Letters relating to history}
}

@letter{campbell1882a,
  author = {Campbell, Matthew},
  title = {Letter to David Banta},
  date = {1882-12-25},
  institution = {Indiana University Archives/C112/B1}
}

@article{mcmains2010a,
  author = {McMains, Howard F.},
  journal = {Indiana Magazine of History},
  title = {The Indiana Seminary Charter of 1820},
  volume = {106},
  year = {2010},
  pages = {356--380}
}

@article{banta1914b,
  author = {Banta, David D.},
  journal = {Indiana University Alumni Quarterly},
  number = {1},
  title = {History of Indiana University {I}: The Seminary Period (1820--1828)},
  volume = {1},
  year = {1914},
  pages = {3--24}
}

@article{iuaq1915a,
  journal = {Indiana University Alumni Quarterly},
  number = {3},
  title = {The 1915 Commencement},
  volume = {2},
  year = {1915},
  pages = {278--292}
}

@article{carleton1902a,
  author = {Carleton, Emma},
  journal = {Indianapolis News},
  title = {About the New Purchase},
  date = {1902-05-16}
}

@article{woodburn1913a,
  author = {Woodburn, James A.},
  journal = {Indiana Magazine of History},
  number = {4},
  title = {Local Life and Color in the New Purchase},
  volume = {9},
  year = {1913},
  pages = {215--233}
}

@article{banta1914c,
  author = {Banta, David D.},
  journal = {Indiana University Alumni Quarterly},
  volume = {1},
  number = {2},
  title = {History of Indiana University: II: From Seminary to College (1826--1829)},
  pages = {142--165},
  year = {1914}
}

@article{banta1915a,
  author = {Banta, David D.},
  journal = {Indiana University Alumni Quarterly},
  volume = {2},
  number = {1},
  title = {History of Indiana University: V: From College to University (1833--1838)},
  pages = {5--17},
  year = {1915}
}


@article{banta1915b,
  author = {Banta, David D.},
  journal = {Indiana University Alumni Quarterly},
  volume = {2},
  number = {2},
  title = {History of Indiana University: VI: Perils from Sectarian Controversies and the Constitutional Convention (1838--1850)},
  pages = {99--110},
  year = {1915}
}

@article{banta1914d,
  author = {Banta, David D.},
  journal = {Indiana University Alumni Quarterly},
  volume = {1},
  number = {3},
  title = {History of Indiana University: III: The New Departure (1829--1833)},
  pages = {272--292},
  year = {1914}
}

@inproceedings{woodburn1916a,
  author = {Woodburn, James Albert},
  title = {The New Purchase},
  journal = {Proceedings of the Tenth Annual Meeting of the Ohio Valley Historical Association},
  editor = {Lindley, Harlow},
  volume = {6},
  number = {1},
  pages = {43--54},
  publisher = {Indiana Historical Society Publications},
  year = {1916}
}

@review{imoh1916a,
  author = {},
  journal = {Indiana Magazine of History},
  number = {4},
  title = {The New Purchase or Seven and Half Years in the Far West},
  volume = {12},
  date = {12-1916},
  note = {unsigned review of Hall, \textit{The New Purchase} (1916)},
  pages = {354--355}
}

@book{esarey1915a,
  author = {Esarey, Logan},
  location = {Indianapolis},
  title = {History of Indiana},
  publisher = {W. K. Stewart Co.},
  year = {1915}
}

@inproceedings{iglehart1923a,
  author = {Iglehart, John E.},
  journal = {Proceedings of the Southwestern Indiana Historical Society},
  title = {Correspondence between Lincoln Historians and This Society},
  year = {1923},
  number = {18},
  location = {Indianapolis},
  publisher = {Wm. B. Burford},
  part = {63--88}
}

@book{ehrmann1938a,
  author = {Ehrmann, Bess V.},
  location = {Chicago},
  title = {The Missing Chapter in the Life of Abraham Lincoln},
  year = {1938},
  publisher = {Walter M. Hill}
}

@inreference{woodburn1936a,
  author = {Woodburn, James A.},
  title = {Baynard Rush Hall},
  booktitle = {Dictionary of American Biography},
  year = {1936}
}

@article{murray1940a,
  author = {Murray, Agnes M.},
  journal = {Indiana Magazine of History},
  title = {Early Literary Developments in Indiana},
  volume = {36},
  year = {1940},
  pages = {327--333}
}

@article{hubach1949a,
  author = {Hubach, Robert R.},
  journal = {Indiana Magazine of History},
  title = {Nineteenth-Century Literary Visitors to the Hoosier State: A Chapter in American Cultural History},
  volume = {45},
  year = {1949},
  pages = {39--50}
}

@misc{botm1949a,
  author = {{Indiana University Board of Trustees}},

  url = {https://purl.dlib.indiana.edu/iudl/archives/iubot/1949-10-21},
  title = {Minutes of the Board of Trustees of Indiana University, 21 October 1949--22 October 1949},
  date = {1949-10-21},
  institution = {Indiana University Archives & Indiana University Libraries Digital Collections Services},
  location = {Bloomington},
  urldate = {2025-03-28},
  commentator = {Havill, Andrea}
}

@mvbook{buley1950a,
  author = {Buley, R. Carlyle},
  publisher = {Indiana University Press},
  title = {The Old Northwest: Pioneer Period, 1815--1840},
  year = {1950},
  volume = {2},
  location = {Bloomington}
}

@reference{blanck1959a,
  author = {Blanck, Jacob},
  title = {Bibliography of American Literature},
  year = {1959},
  volume = {3},
  publisher = {Yale University Press},
  location = {New Haven}
}

@article{hall1966a,
  author = {Hall, Baynard Rush and Carmony, Donald F. and Viola, Herman J.},
  journal = {Indiana Magazine of History},
  number = {2},
  title = {The New Purchase: Or, Seven and a Half Years in the Far West},
  volume = {62},
  year = {1966},
  pages = {101--120}
}

@book{hart1983a,
  author = {Hart, James D.},
  location = {New York},
  booktitle = {The Oxford Companion to American Literature},
  edition = {5},
  publisher = {Oxford University Press},
  year = {1983}
}

@reference{cassidy1985a,
  editor = {Cassidy, Frederic G.},
  title = {Dictionary of American Regional English},
  year = {1985},
  publisher = {Belknap Press of Harvard University Press},
  location = {Cambridge, MA}
}

@article{conway2004a,
  author = {Conway, Thomas G.},
  journal = {Journal of the Illinois State Historical Society},
  number = {2},
  title = {Finding America's History},
  volume = {97},
  year = {2004},
  pages = {92--106}
}

@book{erekson2012a,
  author = {Erekson, Keith A.},
  location = {Amherst},
  title = {Everybody's History: Indiana's Lincoln Inquiry and the Quest to Reclaim a President's Past},
  publisher = {University of Massachusetts Press},
  year = {2012}
}
@article{tandy1922a,
  author = {Tandy, Jeannette Reed},
  journal = {South Atlantic Quarterly},
  number = {1},
  title = {Pro-Slavery Propaganda in American Fiction of the Fifties},
  volume = {21},
  date = {1922-01-01},
  part = {1},
  pages = {41--50},
  doi = {10.1215/00382876-21-1-41},
  related = {tandy1922b},
  relatedtype = {part}
}

@article{tandy1922b,
  author = {Tandy, Jeannette Reed},
  journal = {South Atlantic Quarterly},
  number = {2},
  title = {Pro-Slavery Propaganda in American Fiction of the Fifties},
  volume = {21},
  date = {1922-04-01},
  part = {2},
  pages = {170--178},
  doi = {10.1215/00382876-21-2-170},
  related = {tandy1922a},
  relatedtype = {part}
}

@article{banta1883a,
  author = {Banta, David D.},
  journal = {Indiana Student},
  number = {7},
  volume = {9},
  date = {1883-05},
  pages = {166--167}
}

@book{shirley2004a,
  author = {Shirley, Janet C.},
  location = {Bloomington},
  publisher = {Indiana University Alumni Association},
  title = {The Indiana University Alumni Association: One Hundred and Fifty Years, 1854--2004},
  year = {2004}
}

@letter{jordan1883a,
  author = {Jordan, David Starr},
  title = {Letter to Lemuel Moss},
  date = {1883-10-07},
  note = {IUA/C73/B1/F Jordan, David Starr}
}

@misc{botm1884a,
  author = {{Indiana University Board of Trustees}},

  url = {https://purl.dlib.indiana.edu/iudl/archives/iubot/1884-11-07},
  title = {Minutes of the Board of Trustees of Indiana University, 06 November 1884--11 November 1884},
  date = {1884-11-07},
  institution = {Indiana University Archives & Indiana University Libraries Digital Collections Services},
  location = {Bloomington},
  urldate = {2025-04-01},
  commentator = {Havill, Andrea}
}

@misc{botm1884b,
  author = {{Indiana University Board of Trustees}},

  url = {https://purl.dlib.indiana.edu/iudl/archives/iubot/1884-12-16},
  title = {Minutes of the Board of Trustees of Indiana University, 16 December 1884--19 December 1884},
  date = {1884-12},
  institution = {Indiana University Archives & Indiana University Libraries Digital Collections Services},
  location = {Bloomington},
  urldate = {2025-04-01},
  commentator = {Havill, Andrea}
}

@mvbook{jordan1922a,
author = {Jordan, David Starr},
title = {Days of a Man, Being Memories of a Naturalist, Teacher, and Minor Prophet of Democracy},
volumes = {2},
volume = {1},
publisher = {World Book Company},
location = {Yonkers-on-Hudson, NY},
year = {1922}
}

@mvbook{hewett1905a,
  author = {Hewett, W. T.},
  title = {Cornell University: A History},
  year = {1905},
  volume = {1},
  publisher = {University Publishing Society},
  location = {New York}
}


@unpublished{wylie1885a,
  author = {Wylie, Theophilus},
  title = {diary entry},
  date = {1885-09-06},
  institution = {Indiana University Archives}
}

@speech{capshew2011a,
  author = {Capshew, James H.},
  title = {Indiana University as the `Mother of College Presidents': Herman {B} Wells as Inheritor, Exemplar, and Agent},
  year = {2011},
  location = {Bloomington},
  publisher = {IU Institute for Advanced Study},
  url = {https://hdl.handle.net/2022/14123}
}

@misc{botm1884c,
  author = {{Indiana University Board of Trustees}},

  url = {https://purl.dlib.indiana.edu/iudl/archives/iubot/1884-06-04},
  title = {Minutes of the Board of Trustees of Indiana University, 04 June 1884--11 June 1884},
  date = {1884-06-07},
  institution = {Indiana University Archives & Indiana University Libraries Digital Collections Services},
  location = {Bloomington},
  urldate = {2025-04-02},
  commentator = {Havill, Andrea}
}


@book{myers1951a,
  author = {Myers, Burton Dorr},
  editor = {Ivy L. Chamness and Burton D. Myers},
  title = {Trustees and Officers of Indiana University 1820--1950},
  year = {1951},
  publisher = {Indiana University},
  location = {Bloomington}
}


@unpublished{wylie1857a,
  author = {Wylie, Theophilus},
  title = {diary entry},
  date = {1857-06-28},
  institution = {Indiana University Archives}
}

@misc{botm1884d,
  author = {{Indiana University Board of Trustees}},

  url = {https://purl.dlib.indiana.edu/iudl/archives/iubot/1884-03-04},
  title = {Minutes of the Board of Trustees of Indiana University, 04 March 1884--25 March 1884},
  date = {1884-03-25},
  institution = {Indiana University Archives & Indiana University Libraries Digital Collections Services},
  location = {Bloomington},
  urldate = {2025-04-02},
  commentator = {Havill, Andrea}
}

@letter{banta1889a,
  author = {Banta, David D.},
  title = {Letter to James Woodburn},
  date = {1889-02-09},
  
  institution = {Indiana University Archives}
}

@report{woodburn1891a,
  editor = {Adams, Herbert B.},
  author = {Woodburn, James Albert},
  series = {Bureau of Education, Circular of Information No. 1, 1891: Contributions to American Educational History},
  number = {10},
  publisher = {Government Publishing Office},
  location = {Washington},
  title = {Higher Education in Indiana},
  year = {1891}
}

@misc{botm1838a,
  author = {{Indiana University Board of Trustees}},

  url = {https://purl.dlib.indiana.edu/iudl/archives/iubot/1838-02-15},
  title = {Minutes of the Board of Trustees of Indiana University, 15 February 1838},
  date = {1838-02-15},
  institution = {Indiana University Archives & Indiana University Libraries Digital Collections Services},
  location = {Bloomington},
  urldate = {2025-04-02},
  commentator = {Havill, Andrea}
}

 @misc{botm1838b,
  author = {{Indiana University Board of Trustees}},

  url = {https://purl.dlib.indiana.edu/iudl/archives/iubot/1838-09-24},
  title = {Minutes of the Board of Trustees of Indiana University, 24 September 1838--27 September 1838},
  date = {1838-09-27},
  institution = {Indiana University Archives & Indiana University Libraries Digital Collections Services},
  location = {Bloomington},
  urldate = {2025-04-02},
  commentator = {Havill, Andrea}
}

 @misc{botm1841a,
  author = {{Indiana University Board of Trustees}},

  url = {https://purl.dlib.indiana.edu/iudl/archives/iubot/1841-07-19},
  title = {Minutes of the Board of Trustees of Indiana University, 19 July 1841--24 July 1841},
  date = {1841-07-21},
  institution = {Indiana University Archives & Indiana University Libraries Digital Collections Services},
  location = {Bloomington},
  urldate = {2025-04-02},
  commentator = {Havill, Andrea}
}

@report{hackerd2008a,
  author = {Hackerd, Jeremy L.},
  title = {The Complex History of the Date Classes Began at the State Seminary of Indiana},
  date = {2008-06-30},
  publisher = {Indiana Historical Bureau},
  location = {Indianapolis},
  note = {background report on the state historical marker ("State Seminary of Indiana" marker) for Seminary Square, Bloomington, Indiana State Historical Marker Program}
}


 @misc{botm1987a,
  author = {{Indiana University Board of Trustees}},

  url = {https://purl.dlib.indiana.edu/iudl/archives/iubot/1987-03-07},
  title = {Minutes of the Board of Trustees of Indiana University, 07 March 1987},
  date = {1987-03-07},
  institution = {Indiana University Archives & Indiana University Libraries Digital Collections Services},
  location = {Bloomington},
  urldate = {2025-04-02},
  commentator = {Havill, Andrea}
}

@misc{iu1987a,
  author = {{Indiana University}},
  title = {IU Trustees Approve `Official Year' of University's First Classes},
  date = {1987-03-07},
  note = {news release},
  institution = {Indiana University Archives}
}

@letter{wells1987a,
  author = {Wells, Herman B.},
  title = {Letter to John Ryan},
  date = {1987-04-07},
  
  institution = {Indiana University Archives}
}

@letter{lahrman1987a,
  author = {Lahrman, Dolores},
  title = {Letter to Herman Wells},
  date = {1987-04-20},
  
  institution = {Indiana University Archives}
}

@letter{wells1987b,
  author = {Wells, Herman B.},
  title = {Letter to Dolores Lahrman},
  date = {1987-05-13},
  
  institution = {Indiana University Archives}
}

@article{capshew2018a,
  author = {Capshew, James H.},
  journal = {200: The Bicentennial Magazine},
  number = {1},
  title = {New Light on an Old Story: The Secret of the Faculty War},
  volume = {1},
  year = {2018},
  pages = {6--8}
}

@article{woodburn1915a,
author = {Woodburn, James A.},
journal = {Indiana University Alumni Quarterly},
volume = {2},
title = {{Sketches from the University's History I: College Men and College Life about 1850}},
year = {1915},
pages = {249--269}
}


@article{woodburn1915b,
author = {Woodburn, James A.},
journal = {Indiana University Alumni Quarterly},
volume = {2},
title = {{Sketches from the University's History II: College Men and College Life About 1850 (Continued)}},
year = {1915},
pages = {409--427}
}

@article{woodburn1916b,
author = {Woodburn, James A.},
journal = {Indiana University Alumni Quarterly},
volume = {3},
title = {{Sketches from the University's History III: Faculty and Curriculum about 1850}},
year = {1916},
pages = {20--37}
}
@article{woodburn1916c,
author = {Woodburn, James A.},
journal = {Indiana University Alumni Quarterly},
volume = {3},
title = {{Sketches from the University's History IV: Daniel Read, Professor of Ancient Languages, 1843--1856}},
year = {1916},
pages = {127--148}
}


@article{woodburn1916d,
author = {Woodburn, James A.},
journal = {Indiana University Alumni Quarterly},
volume = {3},
title = {{Sketches from the University's History V: Death of President Wylie: A Year of President Ryors and Election of Dr. Daily: Death and Services of Dr. David H. Maxwell}},
year = {1916},
pages = {347--359}
}

@article{woodburn1916e,
author = {Woodburn, James A.},
journal = {Indiana University Alumni Quarterly},
volume = {3},
title = {{Sketches from the University's History VI: The Vincennes Suit and the Fire}},
year = {1916},
pages = {489--500}
}
@article{woodburn1917a,
author = {Woodburn, James A.},
journal = {Indiana University Alumni Quarterly},
volume = {4},
title = {{Sketches from the University's History VII: Dark Days after the Fire: Courage in Adversity}},
year = {1917},
pages = {1--11}
}
@article{woodburn1917b,
author = {Woodburn, James A.},
journal = {Indiana University Alumni Quarterly},
volume = {4},
title = {{Sketches from the University's History VIII: The Board of Trustees Sixty Years Ago; Student Reminiscences}},
year = {1917},
pages = {117--128}
}

@collection{chamness1921a,
  editor = {Chamness, Ivy L.},
  title = {Indiana University, 1820--1920: Centennial Memorial Volume},
  year = {1921},
  publisher = {Indiana University},
  location = {Bloomington}
}

@article{brichford1971a,
  author = {Brichford, Maynard},
  journal = {Journal of the Illinois State Historical Society (1908--1984)},
  number = {3},
  title = {},
  volume = {64},
  year = {1971},
  pages = {355--356},
  url = {http://www.jstor.org/stable/40190803}
}

@article{hollis1971a,
  author = {Hollis, Daniel W.},
  journal = {The Journal of American History},
  number = {1},
  title = {},
  volume = {58},
  year = {1971},
  pages = {201--202},
  url = {https://doi.org/10.2307/1890153}
}

@article{nolan1971a,
  author = {Nolan, James},
  journal = {Courier-Journal},
  title = {Indiana University History},
  date = {1971-01-17}
}

@article{solberg1971a,
  author = {Solberg, Winton U.},
  journal = {Indiana Magazine of History},
  number = {3},
  title = {},
  volume = {67},
  year = {1971},
  pages = {268--269},
  url = {http://www.jstor.org/stable/27789750}
}

@article{hoeveler1974a,
  author = {Hoeveler, J. David},
  journal = {History of Education Quarterly},
  number = {3},
  title = {Higher Education in the Midwest: Community and Culture [reviewed volumes one and two]},
  volume = {14},
  year = {1974},
  pages = {391--402},
  doi = {10.2307/367940}
}

@article{brichford1975a,
  author = {Brichford, Maynard},
  journal = {Journal of the Illinois State Historical Society (1908--1984)},
  number = {3},
  title = {},
  volume = {68},
  year = {1975},
  pages = {297--299},
  url = {http://www.jstor.org/stable/40191173}
}

@article{curti1975a,
  author = {Curti, Merle},
  journal = {The American Historical Review},
  number = {3},
  title = {},
  volume = {80},
  year = {1975},
  pages = {518--519},
  doi = {10.2307/1850710}
}

@article{hollis1974a,
  author = {Hollis, Daniel W.},
  journal = {The Journal of American History},
  number = {2},
  volume = {61},
  year = {1974},
  pages = {515--516},
  doi = {10.2307/1904023}
}

@article{graham1974a,
  author = {Graham, Patricia Albjerg},
  journal = {Indiana Magazine of History},
  number = {2},
  title = {},
  volume = {70},
  year = {1974},
  pages = {180--182},
  url = {http://www.jstor.org/stable/27789965}
}

@article{pearce1973a,
  author = {Pearce, John Ed},
  journal = {Courier-Journal},
  title = {The Middle Years of Indiana University: A Review},
  date = {1973-11-18}
}

@article{curti1978a,
  author = {Curti, Merle},
  journal = {The American Historical Review},
  number = {4},
  title = {},
  volume = {83},
  year = {1978},
  doi = {10.2307/1867836},
  pages = {1101}
}

@article{hollis1978a,
  author = {Hollis, Daniel W.},
  journal = {The Journal of American History},
  number = {3},
  title = {},
  volume = {65},
  year = {1978},
  pages = {836--837},
  doi = {10.2307/1901512}
}

@article{ringenberg1978a,
  author = {Ringenberg, William C.},
  journal = {History: Reviews of New Books},
  title = {},
  volume = {6},
  year = {1978},
  pages = {148}
}
@article{weisenburger1978a,
  author = {Weisenburger, Francis P.},
  journal = {Indiana Magazine of History},
  number = {4},
  title = {},
  volume = {74},
  year = {1978},
  pages = {367--368},
  url = {http://www.jstor.org/stable/27790338}
}

@article{knepper1979a,
  author = {Knepper, George W.},
  journal = {Indiana Magazine of History},
  number = {1},
  title = {},
  volume = {75},
  year = {1979},
  pages = {95--96},
  url = {http://www.jstor.org/stable/27790359}
}

@book{wells1980a,
  author = {Wells, Herman B},
  publisher = {Indiana University Press},
  location = {Bloomington},
  title = {Being Lucky: Reflections and Reminiscences},
  year = {1980}
}

@book{krause2012a,
  author = {Krause, Carrol},
  publisher = {Indiana University Press},
  location = {Bloomington},
  title = {Showers Brothers Furniture Company: The Shared Fortunes of a Family, a City, and a University},
  year = {2012}
}

@article{schuyler1997a,
  author = {Schuyler, David},
  journal = {Planning for Higher Education},
  number = {2},
  title = {Frederick Law Olmsted and the Origins of Modern Campus Design},
  volume = {25},
  date = {1996/1997},
  pages = {1--10}
}

@article{goodwin1930a,
  author = {Goodwin, Clarence L.},
  journal = {Indiana University Alumni Quarterly},
  number = {1},
  title = {The \textit{Indiana Student} and Student Life in the Early Eighties},
  volume = {17},
  year = {1930},
  pages = {146--158}
}

@article{bt1884a,
  author = {},
  journal = {Bloomington Telephone},
  number = {46},
  volume = {7},
  date = {1884-03-29},
  pages = {1}
}

@article{edmondson2000a,
  author = {Edmondson, Frank K.},
  journal = {Mercury},
  number = {3},
  title = {Daniel Kirkwood---`{Dean} of American Astronomers'},
  volume = {29},
  year = {2000},
  pages = {27--33}
}

@misc{botm1885a,
  author = {{Indiana University Board of Trustees}},
  url = {https://purl.dlib.indiana.edu/iudl/archives/iubot/1885-06-03},
  title = {Minutes of the Board of Trustees of Indiana University, 03 June 1885--10 June 1885},
  date = {1885-06-10},
  institution = {Indiana University Archives & Indiana University Libraries Digital Collections Services},
  location = {Bloomington},
  urldate = {2025-04-07},
  commentator = {Havill, Andrea}
}

@misc{benson1884a,
  author = {Benson, Olof},
  title = {Description of the Plan of Improvement of University Park},
  year = {1884},
  institution = {Indiana University Archives/C77/B1}
}

@article{ids1916a,
  author = {},
  journal = {Indiana Daily Student},
  number = {98},
  title = {Ideas Concerning Campus Plans Change Considerably with Time},
  volume = {41},
  date = {1916-02-11},
  pages = {3}
}

@book{dreiser1916a,
  author = {Dreiser, Theodore},
  publisher = {John Lane Company},
  location = {New York},
  title = {A Hoosier Holiday},
  year = {1916}
}

@misc{botm1894a,
  author = {{Indiana University Board of Trustees}},

  url = {https://purl.dlib.indiana.edu/iudl/archives/iubot/1894-03-20},
  title = {Minutes of the Board of Trustees of Indiana University, 20 March 1894--23 March 1894},
  date = {1894-03-22},
  institution = {Indiana University Archives & Indiana University Libraries Digital Collections Services},
  location = {Bloomington},
  urldate = {2025-04-08},
  commentator = {Havill, Andrea}
}


@misc{botm1891a,
  author = {{Indiana University Board of Trustees}},

  url = {https://purl.dlib.indiana.edu/iudl/archives/iubot/1891-06-11},
  title = {Minutes of the Board of Trustees of Indiana University, 11 June 1891--17 June 1891},
  date = {1891-06-16},
  institution = {Indiana University Archives & Indiana University Libraries Digital Collections Services},
  location = {Bloomington},
  urldate = {2025-04-08},
  commentator = {Havill, Andrea}
}

@misc{botm1898a,
  author = {{Indiana University Board of Trustees}},

  url = {https://purl.dlib.indiana.edu/iudl/archives/iubot/1898-11-16},
  title = {Minutes of the Board of Trustees of Indiana University, 16 November 1898--18 November 1898},
  date = {1898-11-18},
  institution = {Indiana University Archives & Indiana University Libraries Digital Collections Services},
  location = {Bloomington},
  urldate = {2025-04-08},
  commentator = {Havill, Andrea}
} 

@article{roznowski2017a,
  author = {Roznowski, Tom},
  journal = {The Ryder},
  number = {},
  title = {The Trees Grew First: IU's Woodland Campus},
  volume = {},
  date = {2017-04},
  pages = {24--25}
}

@article{hight1937a,
  author = {Hight, Kate M.},
  journal = {Indiana University Alumni Quarterly},
  number = {4},
  title = {Reminiscences},
  volume = {24},
  year = {1937},
  pages = {455--460}
}

@article{is1896a,
  author = {},
  journal = {Indiana Student},
  number = {},
  title = {`Local' column},
  volume = {},
  date = {1896-05-26},
  pages = {29}
}

@article{ellis1929a,
  author = {Ellis, Edith Hennel},
  journal = {Indiana University Alumni Quarterly},
  number = {3},
  title = {{The Trees on the I.U. Campus}},
  volume = {16},
  year = {1929},
  pages = {328--331}
}

@article{is1901a,
  author = {},
  journal = {Indiana Student},
  number = {},
  title = {},
  volume = {},
  date = {1901-04-06},
  pages = {12}
}

@article{arbutus1899a,
  author = {},
  journal = {Arbutus},
  number = {},
  title = {Balls and Strikes: A Story},
  volume = {},
  year = {1899},
  pages = {174--179}
}

@letter{mottier1896a,
  author = {Mottier, David},
  title = {Letter to Joseph Pierce},
  date = {1896-02-13},
  
  institution = {Indiana University Archives C174/B31/F Mottier, David}
}

@letter{olmsted1896a,
  author = {Olmsted, Olmsted, and Eliot},
  title = {Letter to Joseph Swain},
  date = {1896-12-08},
  
  institution = {Indiana University Archives C174/B32/F Olmsted, Olmsted, and Eliot---Campus Plan 1896}
}

@misc{botm1897a,
  author = {{Indiana University Board of Trustees}},

  url = {https://purl.dlib.indiana.edu/iudl/archives/iubot/1897-11-04},
  title = {Minutes of the Board of Trustees of Indiana University, 04 November 1897--06 November 1897},
  date = {1897-11-05},
  institution = {Indiana University Archives & Indiana University Libraries Digital Collections Services},
  location = {Bloomington},
  urldate = {2025-04-08},
  commentator = {Havill, Andrea}
} 

@misc{botm1899a,
  author = {{Indiana University Board of Trustees}},

  url = {https://purl.dlib.indiana.edu/iudl/archives/iubot/1899-03-23},
  title = {Minutes of the Board of Trustees of Indiana University, 23 March 1899--25 March 18997},
  date = {1899-03-25},
  institution = {Indiana University Archives & Indiana University Libraries Digital Collections Services},
  location = {Bloomington},
  urldate = {2025-04-08},
  commentator = {Havill, Andrea}
} 

@article{iuaq1936a,
  author = {},
  journal = {Indiana University Alumni Quarterly},
  number = {3},
  title = {{In Memoriam: William A. Rawles, '84, Robert A. Ogg, '72, William T. Patten, '93; and Necrology List}},
  volume = {23},
  year = {1936},
  pages = {303--313}
}

@article{ids1921a,
  author = {},
  journal = {Indiana Daily Student},
  number = {56},
  title = {Football Men Wore Mustaches When He Came to University},
  volume = {50},
  date = {1921-12-03},
  pages = {2}
}

@letter{ulrich1899a,
  author = {Ulrich, Rudolph},
  title = {Letter to Joseph Swain},
  date = {1899-05},
  
  institution = {Indiana University Archives C174/B44}
}

@letter{mottier1902a,
  author = {Mottier, David},
  title = {Letter to William Bryan},
  date = {1902-11-05},
  
  institution = {Indiana University Archives C174/B31/F Mottier, David}
}

@misc{botm1902a,
  author = {{Indiana University Board of Trustees}},

  url = {https://purl.dlib.indiana.edu/iudl/archives/iubot/1902-03-24},
  title = {Minutes of the Board of Trustees of Indiana University, 24 March 1902--25 March 1902},
  date = {1902-03-25},
  institution = {Indiana University Archives & Indiana University Libraries Digital Collections Services},
  location = {Bloomington},
  urldate = {2025-04-08},
  commentator = {Havill, Andrea}
}

@misc{botm1902b,
  author = {{Indiana University Board of Trustees}},

  url = {https://purl.dlib.indiana.edu/iudl/archives/iubot/1902-09-03},
  title = {Minutes of the Board of Trustees of Indiana University, 03 September 1902--15 September 1902},
  date = {1902-09-06},
  institution = {Indiana University Archives & Indiana University Libraries Digital Collections Services},
  location = {Bloomington},
  urldate = {2025-04-08},
  commentator = {Havill, Andrea}
}

@misc{botm1904a,
  author = {{Indiana University Board of Trustees}},

  url = {https://purl.dlib.indiana.edu/iudl/archives/iubot/1904-06-16},
  title = {Minutes of the Board of Trustees of Indiana University, 16 June 1904--22 June 1904},
  date = {1904-06-22},
  institution = {Indiana University Archives & Indiana University Libraries Digital Collections Services},
  location = {Bloomington},
  urldate = {2025-04-08},
  commentator = {Havill, Andrea}
}

@misc{botm1948a,
  author = {{Indiana University Board of Trustees}},

  url = {https://purl.dlib.indiana.edu/iudl/archives/iubot/1948-10-01},
  title = {Minutes of the Board of Trustees of Indiana University, 01 October 1948--02 October 1948},
  date = {1948-10-01},
  institution = {Indiana University Archives & Indiana University Libraries Digital Collections Services},
  location = {Bloomington},
  urldate = {2025-04-08},
  commentator = {Havill, Andrea}
}

@article{arbutus1906a,
  author = {},
  journal = {Arbutus},
  number = {},
  title = {},
  volume = {},
  date = {1906-06},
  pages = {388--390}
}

@article{ds1907a,
  author = {},
  journal = {Daily Student},
  number = {},
  title = {Well-House Innovation},
  volume = {},
  date = {1907-10-15},
  pages = {}
}

@misc{botm1908a,
  author = {{Indiana University Board of Trustees}},

  url = {https://purl.dlib.indiana.edu/iudl/archives/iubot/1908-06-19},
  title = {Minutes of the Board of Trustees of Indiana University, 19 June 1908--23 June 1908},
  date = {1908-06-22},
  institution = {Indiana University Archives & Indiana University Libraries Digital Collections Services},
  location = {Bloomington},
  urldate = {2025-04-08},
  commentator = {Havill, Andrea}
}

@article{ids1912a,
  author = {},
  journal = {Indiana Daily Student},
  number = {},
  title = {Drinking Fountain at {I.U.}},
  volume = {},
  date = {1912-03-09},
  pages = {}
}

@unpublished{shamon1935a,
  author = {Shamon, Marvin},
  title = {The Traditions of Indiana University},
  year = {c1935?},
  institution = {Indiana University Archives/Reference file: Buildings---Bloomington Campus Well House, Rose.}
}

@article{visher1956a,
  author = {Visher, Stephen S.},
  journal = {Proceedings of the Indiana Academy of Science},
  number = {},
  title = {Water Supply Problems of Bloomington, Indiana,},
  volume = {66},
  year = {1956},
  pages = {188--191}
}

@article{cumings1911a,
  author = {Cumings, E. R.},
  journal = {Proceedings of the Indiana Academy of Science},
  number = {},
  title = {The Geological Conditions of Municipal Water Supply in the Driftless Area of Southern Indiana},
  volume = {21},
  year = {1911},
  pages = {111--146},
  url = {https://journals.indianapolis.iu.edu/index.php/ias/article/view/14025}
}

@report{mottier1913a,
  author = {Mottier, David and Hanna, Ulysses S.},
  title = {Suggestions on the Improvement of the East Campus},
  date = {1913-11-10},
  note = {report to IU Board of Trustees},
  institution = {Indiana University Archives C174/B31/F Mottier, David}
}


@article{cravens1915a,
  author = {Cravens, J. W.},
  journal = {Indiana University Alumni Quarterly},
  number = {2},
  title = {History of University Land Purchases},
  volume = {2},
  year = {1915},
  pages = {156--159}
}

@article{ehman2010a,
  author = {Ehman, Lee},
  journal = {Monroe County Historian},
  number = {},
  title = {The Dunn Name, but Not the Spirit},
  volume = {3},
  date = {2010-08},
  pages = {10--11}
}

@letter{bryan1916a,
  author = {Bryan, William},
  title = {Letter to George Kessler},
  date = {1916-05-25},
  
  institution = {Indiana University Archives C286/B150/F Kessler, George}
}

@article{roosevelt1918a,
  author = {Roosevelt, Theodore},
  journal = {Indiana University Alumni Quarterly},
  number = {3},
  title = {Straightout Americanism},
  volume = {5},
  date = {1918-07},
  pages = {295--307}
}

@article{cravens1922b,
  author = {Cravens, John W.},
  journal = {Indiana University Alumni Quarterly},
  number = {1},
  title = {Buildings on the Old and New Campuses of Indiana University},
  subtitle = {I. The Old Seminary Building},
  volume = {9},
  year = {1922},
  pages = {1--11}
}

@article{cravens1922c,
  author = {Cravens, John W.},
  journal = {Indiana University Alumni Quarterly},
  number = {3},
  title = {Buildings on the Old and New Campuses of Indiana University},
  subtitle = {III. Buildings on the New Campus and Elsewhere in Monroe County},
  volume = {9},
  year = {1922},
  pages = {303--320}
}

@article{iuaq1937a,
  author = {},
  journal = {Indiana University Alumni Quarterly},
  number = {},
  title = {{Charles H. Hays}},
  volume = {24},
  year = {1937},
  pages = {511--512}
}
@article{ids1922a,
  author = {},
  journal = {Indiana Daily Student},
  number = {},
  title = {Discover Ruins of Seminary Building},
  volume = {},
  date = {1922-01-18},
  pages = {3}
}

@article{pyle1922a,
  author = {Pyle, Ernie},
  journal = {Indiana Daily Student},
  number = {},
  title = {It's in the Air},
  volume = {},
  date = {1922-09-05}, 
  pages = {4}
}

@book{carmichael1965a,
  author = {Carmichael, Hoagy and Longstreet, Stephen},
  location = {New York},
  date = {1965},
  publisher = {Farrer, Straus and Giroux},
  title = {Sometimes I Wonder: The Story of Hoagy Carmichael},
  year = {1965}
}

@book{sudhalter2002a,
  author = {Sudhalter, Richard M.},
  publisher = {Oxford University Press},
  title = {Stardust Melody: The Life and Music of Hoagy Carmichael},
  year = {2002},
  location = {New York}
}

@book{carmichael1969a,
  author = {Carmichael, Hoagy},
  publisher = {Greenwood Press},
  title = {The Stardust Road},
  year = {1969},
  origdate = {1946},
  location = {New York}
}

@article{fcs1925a,
  author = {S[enour], F. C.},
  journal = {The Vagabond},
  number = {3},
  title = {A Novel of Indiana University},
  volume = {2},
  date = {1925-03},
  pages = {51--52}
}

@collection{shively1920a,
  editor = {Shively, George J.},
  title = {Record of {S.S.U.} 585},
  year = {1920},
  publisher = {Brick Row Book Shop},
  location = {New Haven}
}

@book{shivley1925a,
  author = {Shively, George},
  publisher = {Harcourt, Brace and Company},
  title = {Initiation},
  year = {1925},
  location = {New York}
}

@article{iam1957a,
  author = {},
  journal = {Indiana Alumni Magazine},
  number = {7},
  title = {{Charles H. Hays}},
  volume = {19},
  year = {1957},
  institution = {Indiana University Archives/Reference file:Class Gifts},
  pages = {1}
}

@letter{gabbay2013a,
  author = {Gabbay, Sue Davis},
  title = {Letter to Brad Cook},
  date = {2013-03},
  
  institution = {Indiana University Archives/Reference file: B+G Sunken Gardens}
}

@article{iuaq1924a,
  author = {},
  journal = {Indiana University Alumni Quarterly},
  number = {4},
  title = {Death of Eugene Kerr},
  volume = {11},
  year = {1924},
  pages = {543--544}
}

@misc{botm1925a,
  author = {{Indiana University Board of Trustees}},
  url = {https://purl.dlib.indiana.edu/iudl/archives/iubot/1925-03-13},
  title = {Minutes of the Board of Trustees of Indiana University, 13 March 1925--14 March 1925},
  date = {1925-03-14},
  institution = {Indiana University Archives & Indiana University Libraries Digital Collections Services},
  location = {Bloomington},
  urldate = {2025-04-15},
  commentator = {Havill, Andrea}
}

@misc{iu_classgifts,
  author = {{Indiana University Archives}},
  title = {Reference File: Class Gifts},
  howpublished = {Unpublished archival material},
  institution = {Indiana University},
  location = {Bloomington},
  year = {n.d.}
}

@article{lyon1931a,
  author = {Lyon, Robert E.},
  journal = {Indiana University News-Letter},
  number = {3},
  title = {The History of Chemistry at Indiana University, 1829--1931},
  volume = {19},
  date = {1931-03}
}

@misc{botm1935a,
  author = {{Indiana University Board of Trustees}},
  url = {https://purl.dlib.indiana.edu/iudl/archives/iubot/1935-03-04},
  title = {Minutes of the Board of Trustees of Indiana University, 04 March 1935},
  date = {1935-03-04},
  institution = {Indiana University Archives & Indiana University Libraries Digital Collections Services},
  location = {Bloomington},
  urldate = {2025-04-15},
  commentator = {Havill, Andrea}
}
@misc{botm1935b,
  author = {{Indiana University Board of Trustees}},
  url = {https://purl.dlib.indiana.edu/iudl/archives/iubot/1935-04-04},
  title = {Minutes of the Board of Trustees of Indiana University, 04 April 1935},
  date = {1935-04-04},
  institution = {Indiana University Archives & Indiana University Libraries Digital Collections Services},
  location = {Bloomington},
  urldate = {2025-04-15},
  commentator = {Havill, Andrea}
}

@misc{botm1938a,
  author = {{Indiana University Board of Trustees}},
  url = {https://purl.dlib.indiana.edu/iudl/archives/iubot/1938-11-03},
  title = {Minutes of the Board of Trustees of Indiana University, 03 November 1938--04 November 1938},
  date = {1938-11-03},
  institution = {Indiana University Archives & Indiana University Libraries Digital Collections Services},
  location = {Bloomington},
  urldate = {2025-04-15},
  commentator = {Havill, Andrea}
}

@article{capshew2009a,
  author = {Capshew, James H.},
  journal = {Indiana Magazine of History},
  number = {2},
  title = {The Campus as a Pedagogical Agent: Herman Wells, Cultural Entrepreneurship, and the Benton Murals},
  volume = {105},
  year = {2009},
  pages = {179--197},
  url = {https://www.jstor.org/stable/27792978}
}

@article{lesnick2005a,
  author = {Lesnick, Gavin},
  journal = {Indiana Daily Student},
  number = {},
  title = {Campus Icon Retains History, Myth from 1868},
  volume = {},
  date = {2005-09-13},
  pages = {},
  url = {https://www.idsnews.com/article/2005/09/campus-icon-retains-history-myth-from-1868}
}

@misc{botm1940a,
  author = {{Indiana University Board of Trustees}},
  url = {https://purl.dlib.indiana.edu/iudl/archives/iubot/1940-03-25},
  title = {Minutes of the Board of Trustees of Indiana University, 25 March 1940--26 March 1940},
  date = {1940-03-25},
  institution = {Indiana University Archives & Indiana University Libraries Digital Collections Services},
  location = {Bloomington},
  urldate = {2025-04-15},
  commentator = {Havill, Andrea}
}

@misc{botm1947a,
  author = {{Indiana University Board of Trustees}},

  url = {https://purl.dlib.indiana.edu/iudl/archives/iubot/1947-09-12},
  title = {Minutes of the Board of Trustees of Indiana University, 12 September 1947--13 September 1947},
  date = {1947-09-12},
  institution = {Indiana University Archives & Indiana University Libraries Digital Collections Services},
  location = {Bloomington},
  urldate = {2025-04-16},
  commentator = {Havill, Andrea}
}

@unpublished{bunnage1999a,
  author = {Bunnage, JoAnn C.},
  title = {Barbara Shalucha and the Development of Hilltop Garden and Nature Center: The Cultivation of a Community Treasure},
  year = {1999}
}

@article{hunt1961a,
  author = {Hunt, Ralph},
  journal = {Indiana Daily Student},
  number = {},
  title = {Enlightening Situation? Well House Wattage Encourages Conversation Rather than Action},
  volume = {},
  date = {1961-11-01}
}

@misc{botm1963a,
  author = {{Indiana University Board of Trustees}},

  url = {https://purl.dlib.indiana.edu/iudl/archives/iubot/1963-05-31},
  title = {Minutes of the Board of Trustees of Indiana University, 31 May 1963--03 June 1963},
  date = {1963-05-31},
  institution = {Indiana University Archives & Indiana University Libraries Digital Collections Services},
  location = {Bloomington},
  urldate = {2025-04-16},
  commentator = {Havill, Andrea}
}

@article{weatherwax1960a,
  author = {Weatherwax, Paul},
  journal = {The Review},
  number = {},
  title = {Familiar Trees Greet Returning Alumni},
  volume = {},
  date = {1960-05},
  pages = {12--18}
}

@letter{wells1961a,
  author = {Wells, Herman B.},
  title = {Letter to Paul Weatherwax},
  date = {1961-08-22},
  
  institution = {Lilly institution/LMC 2283/B4/F Wells, Herman B.}
}

@book{weatherwax1966a,
  author = {Weatherwax, Paul},
  location = {Bloomington},
  publisher = {Indiana University},
  title = {The Woodland Campus of Indiana University},
  year = {1966}
}
@letter{franklin1966a,
  author = {Franklin, J. A.},
  title = {Letter to Thomas {D}. Brock},
  date = {1966-07-21},
  
  institution = {Indiana University Archives/C268/B13/F Committee, Natural Areas}
}

@article{schlechtweg1970a,
  author = {Schlechtweg, Harold},
  journal = {Indiana Daily Student},
  number = {},
  title = {Environmental Day Activities Listed},
  volume = {},
  date = {1970-04-20}
}

@article{scott1970a,
  author = {Scott, Bob},
  journal = {Indiana Daily Student},
  number = {},
  title = {The Revolution Is Here, Escape in Dunn Meadow},
  volume = {},
  date = {1970-04-20}
}

@article{bischoff1970a,
  author = {Bischoff, Sue},
  journal = {Indiana Daily Student},
  number = {},
  title = {Nelson Pleased by Turnout, Originality},
  volume = {},
  dater = {1970-04-23}
}

@article{schlechtweg1970b,
  author = {Schlechtweg, Harold},
  journal = {Indiana Daily Student},
  number = {},
  title = {Nelson Outlines Proposals to End National Pollution},
  volume = {},
  date = {1970-04-23}
}

@article{ferries1970a,
  author = {Ferries, Ken and Herman, Linda},
  journal = {Indiana Daily Student},
  number = {},
  title = {{Woodstock, 4-H Flavor I.U. Environmental Fair}},
  volume = {},
  date = {1970-04-23}
}

@article{ids1970a,
  author = {},
  journal = {Indiana Daily Student},
  number = {},
  title = {Environmental Action Day April 22 Schedule of Activities},
  volume = {},
  date = {1970-04-22}
}

@article{roberts2016a,
  author = {Roberts, Sam},
  journal = {New York Times},
  number = {},
  title = {Leon {G}. Billings, Architect of Clean Air and Clean Water Acts, Dies at 78},
  volume = {},
  date = {2016-11-17}
}

@unpublished{hamilton1970a,
  author = {Hamilton, Lee},
  title = {The Popularity of the Environmental Issue},
  date = {1970-04-22},
  institution = {Indiana University Archives/Lee H. Hamilton Congressional Papers, 1965--1998/MPP2B142/Folder 18, Speech Book 16, Q.}
}

 @article{epa1992a,
   author = {},
   journal = {EPA Historical Publication-1},
   number = {},
   title = {The Guardian: Origins of the EPA},
   volume = {},
   year = {Spring 1992}
}

 @article{caldwell1963a,
   author = {Caldwell, Lynton K.},
   journal = {Public Administration Review},
   number = {},
   title = {Environment: A New Focus for Public Policy?},
   volume = {23},
   year = {1963},
   pages = {132--139}
}

 @unpublished{hcrs1980a,
   howpublished = {United States Department of the Interior: Heritage Conservation and Recreation Service},
   institution = {NRHP Inventory-Nomination Form},
   title = {The Old Crescent},
   year = {1980}
}

@misc{botm1980a,
  author = {{Indiana University Board of Trustees}},

  url = {https://purl.dlib.indiana.edu/iudl/archives/iubot/1980-02-02},
  title = {Minutes of the Board of Trustees of Indiana University, 02 February 1980},
  date = {1980-02-02},
  institution = {Indiana University Archives & Indiana University Libraries Digital Collections Services},
  location = {Bloomington},
  urldate = {2025-04-18},
  commentator = {Havill, Andrea}
}

@misc{botm1980b,
  author = {{Indiana University Board of Trustees}},

  url = {https://purl.dlib.indiana.edu/iudl/archives/iubot/1980-05-09},
  title = {Minutes of the Board of Trustees of Indiana University, 09 May 1980},
  date = {1980-05-09},
  institution = {Indiana University Archives & Indiana University Libraries Digital Collections Services},
  location = {Bloomington},
  urldate = {2025-04-18},
  commentator = {Havill, Andrea}
}

@misc{botm1981a,
  author = {{Indiana University Board of Trustees}},

  url = {https://purl.dlib.indiana.edu/iudl/archives/iubot/1981-03-07},
  title = {Minutes of the Board of Trustees of Indiana University, 03 March 1981},
  date = {1980-03-07},
  institution = {Indiana University Archives & Indiana University Libraries Digital Collections Services},
  location = {Bloomington},
  urldate = {2025-04-18},
  commentator = {Havill, Andrea}
}

@misc{botm1981b,
  author = {{Indiana University Board of Trustees}},

  url = {https://purl.dlib.indiana.edu/iudl/archives/iubot/1981-12-05},
  title = {Minutes of the Board of Trustees of Indiana University, 05 December 1981},
  date = {1980-12-05},
  institution = {Indiana University Archives & Indiana University Libraries Digital Collections Services},
  location = {Bloomington},
  urldate = {2025-04-18},
  commentator = {Havill, Andrea}
}
@article{fancher1981a,
  author = {Fancher, John},
  journal = {Herald-Times},
  number = {15},
  title = {IU Trustees OK Law School Addition},
  volume = {15},
  date = {1981-12-06},
  pages = {1, 8}
}

@misc{parkhurst1982a,
  author    = {David F. Parkhurst},
  title     = {Letter to Kenneth Gros Louis},
  date      = {1982-01-18},
  note      = {David F. Parkhurst files}
}

@misc{bfcm1982a,
  author = {{Indiana University Bloomington Faculty Council}},
  url = {https://purl.dlib.indiana.edu/iudl/archives/bfc/1982-02-02},
  title = {Indiana University Bloomington Faculty Council Minutes, 02 February 1982},
  date = {1982-02-02},
  institution = {Indiana University Archives & Indiana University Libraries Digital Collections Services},
  location = {Bloomington},
  urldate = {2025-04-18},
  commentator = {Bloomington Faculty Council Office}
}

@article{cokinos1982a,
  author = {Cokinos, Christopher},
  journal = {Indiana Daily Student},
  number = {},
  title = {Law Addition Sparks Dispute over Woods},
  volume = {},
  date = {1982-01-19}, 
  pages = {}
}

@article{cokinos1982b,
  author = {Cokinos, Christopher},
  journal = {Indiana Daily Student},
  number = {},
  title = {Law School Expansion May Incapacitate Observatory},
  volume = {},
  date = {1982-01-21},
  pages = {1}
}
@misc{plager1982a,
  author    = {Sheldon J. Plager},
  title     = {The Woods and the Law School institution Addition},
  note      = {Memo to Law School Student Body and Staff. David F. Parkhurst files, University Archives, Indiana University},
  date      = {1982-02-01}
}

@article{openletter1982a,
  author       = {{Save the Woods}},  % if no specific author listed; or use real author if known
  title        = {Save the IU Crescent Forest},
  journal      = {Real Times},
  volume       = {6},
  number       = {6},
  date         = {1982-02-19},
  pages        = {2},
  note         = {Originally circulated as "An Open Letter to Indiana University Alumni," February 11, 1982. David F. Parkhurst files, University Archives, Indiana University}
}

@article{cokinos1982c,
  author = {Christopher Cokinos},
  journal = {Indiana Daily Student},
  number = {},
  title = {Save the Woods Group Organizing to Protect Old Crescent},
  volume = {},
  date = {1982-02-10},
  pages = {3}
}

@article{cokinos1982d,
  author = {Christopher Cokinos},
  journal = {Indiana Daily Student},
  number = {},
  title = {Law School Addition Plans to Be Resubmitted},
  volume = {},
  year = {1982-02-11},
  pages = {}
}

@article{albert1982a,
  author = {Barb Albert},
  journal = {Indianapolis Star},
  number = {},
  title = {{I.U.} Group Launches Battle to Rescue Beloved Woods},
  volume = {},
  date = {1982-02-12},
  pages = {22}
}

@article{hooker1982a,
  author = {Lisa Hooker},
  journal = {Indiana Daily Student},
  number = {},
  title = {RHA Votes to Ask the Trustees to `Save the Trees'},
  volume = {},
  date = {1982-02-18},
  pages = {}
}

@misc{parkhurst1982b,
  author    = {David F. Parkhurst},
  title     = {Letter to Leonard Bernstein},
  date      = {1982-02-07},
  note      = {David F. Parkhurst files}
}

@misc{bernstein1982a,
  author    = {Leonard Bernstein},
  title     = {Letter to David {F.} Parkhurst},
  date      = {1982-02-13},
  note      = {David F. Parkhurst files}
}

@article{cokinos1982e,
  author = {Christopher Cokinos},
  journal = {Indiana Daily Student},
  number = {},
  title = {Bernstein Note Indicates Support for `Save the Woods'},
  volume = {},
  date = {1982-02-19},
  pages = {}
}

@article{brogan1982a,
  author = {Dan Brogan},
  journal = {Indiana Daily Student},
  number = {},
  title = {Plager's Contempt on Compromise Out of Character for Law Profession},
  volume = {},
  date = {1982-02-19},
  pages = {}
}

@article{cokinos1982f,
  author = {Christopher Cokinos},
  journal = {Indiana Daily Student},
  number = {},
  title = {Ryan Requests Look at Options for Law School},
  volume = {},
  date = {1982-02-25},
  pages = {}
}

@misc{els1982a,
  author    = {{Environmental Law Society}},
  title     = {Position Statement on the Proposed Law School Addition},
  date      = {1982-02-24},
  note      = {David F. Parkhurst files}
}

@article{fuchs1982a,
  author  = {Ralph F. Fuchs},
  title   = {Letter to the Editor},
  journal = {Herald-Telephone},
  date    = {1982-03-02},
  pages   = {8}
}

@article{cokinos1982g,
  author = {Christopher Cokinos and Barbara Toman},
  journal = {Indiana Daily Student},
  number = {},
  title = {Trustees to Hear Law Expansion Opposition},
  volume = {},
  date = {1982-03-05},
  pages = {}
}

@article{toman1982a,
  author = {Barbara Toman and Christopher Cokinos},
  journal = {Indiana Daily Student},
  number = {},
  title = {Trustees Will Re-evaluate Plan},
  volume = {},
  date = {1982-03-08},
  pages = {1, 5}
}

@article{cokinos1982h,
  author = {Christopher Cokinos},
  journal = {Indiana Daily Student},
  number = {},
  title = {State to Determine If Law Applies to IU Expansion},
  volume = {},
  date = {1982-03-12},
  pages = {}
}

@article{fancher1982a,
  author = {Fancher, John},
  journal = {Herald-Telephone},
  number = {},
  title = {Law School Addition Still {Up} in the Air},
  volume = {},
  date = {1982-03-06},
  pages = {1}
}

@misc{botm1982a,
  author = {{Indiana University Board of Trustees}},

  url = {https://purl.dlib.indiana.edu/iudl/archives/iubot/1982-03-06},
  title = {Minutes of the Board of Trustees of Indiana University, 06 March 1982},
  date = {1982-03-06},
  institution = {Indiana University Archives & Indiana University Libraries Digital Collections Services},
  location = {Bloomington},
  urldate = {2025-04-21},
  commentator = {Havill, Andrea}
}

@article{fancher1982b,
  author = {Fancher, John},
  journal = {Herald-Telephone},
  number = {},
  title = {IU Law School Addition Will Not Harm Trees},
  volume = {},
  date = {1982-03-07},
  pages = {1}
}

@article{ferguson1982a,
  author       = {Jenny Ferguson},
  title        = {Working to Save the Woods, Ryan Makes His Feeling Heard},
  journal = {Indiana Daily Student},
  date         = {1982-03-01},
  note         = {For the Opinion Board}
}

@article{cokinos1982i,
  author = {Christopher Cokinos},
  journal = {Indiana Daily Student},
  number = {},
  title = {New Addition Plan Would Save Woods},
  volume = {},
  date = {1982-04-02},
  pages = {}
}

@article{cokinos1982j,
  author = {Christopher Cokinos},
  journal = {Indiana Daily Student},
  number = {},
  title = {Law School Expansion Inquiry Buried},
  volume = {},
  date = {1982-03-31},
  pages = {}
}

@article{toman1982b,
  author = {Barbara Toman and Christopher Cokinos},
  journal = {Indiana Daily Student},
  number = {},
  title = {Trustees Approve Addition Plan},
  volume = {},
  date = {1982-04-05},
  pages = {}
}

@article{fancher1982c,
  author = {John Fancher},
  journal = {Herald-Telephone},
  number = {},
  title = {Law School Addition OK'd},
  volume = {},
  date = {1982-04-04},
  pages = {}
}

@article{fancher1982d,
  author = {John Fancher},
  journal = {Herald-Telephone},
  number = {},
  title = {Law School Plan That Saves Woods Moves Ahead},
  volume = {},
  date = {1982-04-03},
  pages = {}
}

@letter{plager1982b,
  author = {Sheldon J. Plager},
  title = {Letter to Alumni and Friends of the University and the Law School Community},
  date = {1982-04-08}
}

@article{slatalla1982a,
  author = {Michelle Slatalla},
  journal = {Indiana Daily Student},
  number = {},
  title = {How the Trees Were Saved, Law Addition Flap Is Finally Over},
  volume = {},
  date = {1982-04-08},
  pages = {},
  note = {For the Opinion Board}
}

@misc{stoner1982a,
  author = {Richard B. Stoner},
  howpublished = {},
  title = {form letter},
  date = {1982-04-26},
  note = {David F. Parkhurst files}
}

@misc{ryan1982a,
  author = {John Ryan},
  howpublished = {},
  title = {Letter to David {F.} Parkhurst},
  date = {1982-04-30},
  note = {David F. Parkhurst files}
}

@misc{botm1982b,
  author = {{Indiana University Board of Trustees}},

  url = {https://purl.dlib.indiana.edu/iudl/archives/iubot/1982-04-03},
  title = {Minutes of the Board of Trustees of Indiana University, 03 April 1982},
  date = {1982-04-03},
  institution = {Indiana University Archives & Indiana University Libraries Digital Collections Services},
  location = {Bloomington},
  urldate = {2025-04-21},
  commentator = {Havill, Andrea}
}

@misc{patton1982a,
  author = {John B. Patton},
  title  = {location to the Natural Areas Committee},
  date   = {1982-06-30},
  note   = {David F. Parkhurst files, University Archives, Indiana University}
}

@article{cokinos1982k,
  author = {Christopher Cokinos},
  journal = {Indiana Daily Student},
  number = {},
  title = {Wells: University to Develop Campus Natural-Areas Policy},
  volume = {},
  date = {1982-04-30},
  pages = {2}
}

@misc{ross1982a,
  author = {John M. Ross},
  title = {Letter to Herman {B} Wells},
  date = {1982-04-27},
  note = {David F. Parkhurst files}
}

@misc{ryan1982b,
  author = {John W. Ryan},
  title  = {Charge to the Class},
  date   = {1982-05-08},
  note   = {Indiana University commencement location, Indiana University Archives/C45/John Ryan Speeches}
}

@article{bracalente2012a,
  author = {Anita Bracalente},
  journal = {View},
  number = {},
  title = {Indiana University's Woodland Campus},
  volume = {12},
  year = {2012},
  pages = {25--27}
}
@booklet{iuRededication1985a,
  title     = {Program for the Rededication Ceremony for Indiana University's Owen Hall and Wylie Hall, October 18, 1985},
  year      = {1985},
  location  = {Bloomington},
  publisher = {University Printing Services}
}

@booklet{frey1987a,
  editor = {Juliet Frey},
  title = {Islands of Green and Serenity: The Courtyards of Indiana University},
  location = {Bloomington},
  publisher = {Indiana University Publications},
  year = {1987}
}

@unpublished{ryan1987a,
  author       = {John W. Ryan},
  title        = {Remarks at the Sample Gates and Plaza Dedication},
  date         = {1987-06-13},
  note  = {John Ryan Speeches, Indiana University Archives/C45},
  location     = {Bloomington, IN}
}

@unpublished{groslouis1987a,
  author       = {Kenneth Gros Louis},
  title        = {Remarks at the Sample Gates and Plaza Dedication},
  date         = {1987-06-13},
  note         = {John Ryan Speeches, Indiana University Archives/C45},
  institution  = {Indiana University Archives},
  location     = {Bloomington, IN}
}

@book{gaines1991a,
  author = {Gaines, Thomas A.},
  publisher = {Praeger},
  title = {The Campus as a Work of Art},
  year = {1991},
  location = {Westport, CT}
}

@misc{botm1961a,
  author = {{Indiana University Board of Trustees}},

  url = {https://purl.dlib.indiana.edu/iudl/archives/iubot/1961-07-14},
  title = {Minutes of the Board of Trustees of Indiana University, 14 July 1961--15 July 1961},
  date = {1961-07-14},
  institution = {Indiana University Archives & Indiana University Libraries Digital Collections Services},
  location = {Bloomington},
  urldate = {2025-04-22},
  commentator = {Havill, Andrea}
}

@article{collins1992a,
  author = {Dottie Collins},
  journal = {The College},
  number = {2},
  title = {Conversations about the Bloomington Campus: It Isn't Easy Being Green (But Planning Ahead Helps)},
  volume = {16},
  year = {1992},
  pages = {8--11}
}

@book{lahrman1987a,
  author    = {Dolores M. Lahrman and Delbert C. Miller},
  title     = {The History of Mitchell Hall, 1885--1986},
  year      = {1987},
  publisher = {Indiana University Archives},
  location  = {Bloomington}
}
@misc{botm1996a,
  author = {{Indiana University Board of Trustees}},

  url = {https://purl.dlib.indiana.edu/iudl/archives/iubot/1996-11-01},
  title = {Minutes of the Board of Trustees of Indiana University, 01 November 1996},
  date = {1996-11-01},
  institution = {Indiana University Archives & Indiana University Libraries Digital Collections Services},
  location = {Bloomington},
  urldate = {2025-04-22},
  commentator = {Havill, Andrea}
}

@misc{botm1997a,
  author = {{Indiana University Board of Trustees}},

  url = {https://purl.dlib.indiana.edu/iudl/archives/iubot/1997-06-27},
  title = {Minutes of the Board of Trustees of Indiana University, 27 June 1997},
  date = {1997-07-27},
  institution = {Indiana University Archives & Indiana University Libraries Digital Collections Services},
  location = {Bloomington},
  urldate = {2025-04-22},
  commentator = {Havill, Andrea}
}

@report{ces1999a,
  author = {{Council for Environmental Stewardship}},
  title = {Annual Report},
  date = {1998/1999}
} 

@article{capshew1999a,
  author = {Capshew, James H.},
  journal = {Herald-Times},
  number = {},
  title = {IU Country Club?},
  volume = {},
  date = {1999-09-04},
  pages = {}
}

@article{capshew1999b,
  author = {Capshew, James H.},
  journal = {Herald-Times},
  title = {Nicklaus Course Raises Questions},
  journal = {Herald-Times},
  date = {1999-09-08},
  pages = {},
  number = {editorial}
}

@unpublished{busch2000a,
  author = {Busch, Jonah M.},
  title = {The Protect Griffy Alliance and the Golf War: Collective Action at Its Finest},
  note = {seminar paper, Indiana University},
  date = {2000-04-28}
}

@article{wright1999a,
  author = {Wright, Mike},
  journal = {Herald-Times},
  number = {},
  title = {Issues Raised about Golf Course's Impact},
  volume = {},
  date = {1999-10-13},
  pages = {}
}

@article{merriman1999a,
  author = {Merriman, Jerry},
  journal = {Herald-Times},
  number = {},
  title = {How Should We Grow?},
  note = {letter to the editor},
  date = {1999-11-10},
  pages = {}
}

@article{wright1999b,
  author = {Mike Wright},
  journal = {Herald-Times},
  number = {},
  title = {IU Students, Staff to Have Golf Access},
  volume = {},
  date = {1999-11-10},
  pages = {}
}

@article{wright1999c,
  author = {Mike Wright},
  journal = {Herald-Times},
  number = {},
  title = {Golf Course Opponents Dress Like Fish, Trees},
  volume = {},
  year = {1999-11-13},
  pages = {}
}

@article{ids1999a,
  author = {},
  journal = {Indiana Daily Student},
  number = {},
  title = {},
  volume = {},
  date = {1999-11-15},
  pages = {}
}

@article{wright1999e,
  author = {Mike Wright},
  journal = {Herald-Times},
  number = {},
  title = {Trustees Want Public Input on Golf Course},
  volume = {},
  year = {1999-11-24},
  pages = {}
}

@article{wright1999f,
  author = {Mike Wright},
  journal = {Herald-Times},
  number = {},
  title = {Group Behind New IU Golf Course Includes Alumni, Development Firm},
  volume = {},
  date = {1999-11-30},
  pages = {}
}

@article{hamburger1999a,
  author = {Michael Hamburger},
  journal = {Herald-Times},
  number = {},
  title = {editorial},
  volume = {},
  date = {1999-11-30},
  pages = {}
}

@article{wright1999g,
  author = {Mike Wright},
  journal = {Herald-Times},
  number = {},
  title = {Critics Flock to Golf Forum},
  volume = {},
  date = {1999-12-01},
  pages = {}
}

@article{wright1999h,
  author = {Mike Wright},
  journal = {Herald-Times},
  number = {},
  title = {IU Delays Action on a New Golf Course},
  volume = {},
  date = {1999-12-02},
  pages = {}
}
@article{wright1999i,
  author = {Mike Wright},
  journal = {Herald-Times},
  number = {},
  title = {Golf Course Alternative Offered},
  volume = {},
  date = {2000-01-14},
  pages = {A1, A9}
}

@misc{garton2000a,
  author = {Daisy Garton},
  howpublished = {},
  title = {Letter to Trustees of Indiana University, President Myles Brand, and Members of the Higher Education Commission},
  date = {2000-01-12}
}

@article{horn2000a,
  author = {David Horn},
  journal = {Herald-Times},
  number = {},
  title = {Golf Course Opponents Jam Benefit Concert},
  volume = {},
  date = {2000-01-17},
  pages = {}
}

@article{nave2000a,
  author = {Erin Nave and Kara Saige},
  journal = {Indiana Daily Student},
  number = {},
  title = {Golf Course Cancelled},
  volume = {},
  date = {2000-01-18},
  pages = {}
}

@misc{botm2001a,
  author = {{Indiana University Board of Trustees}},

  url = {https://purl.dlib.indiana.edu/iudl/archives/iubot/2001-05-04},
  title = {Minutes of the Board of Trustees of Indiana University, 04 May 2001},
  date = {2001-05-04},
  institution = {Indiana University Archives & Indiana University Libraries Digital Collections Services},
  location = {Bloomington},
  urldate = {2025-04-23},
  commentator = {Havill, Andrea}
}

@report{ces2002a,
  author = {{Council for Environmental Stewardship}},
  title = {Annual Report},
  date = {2001/2002}
} 

@report{ces2003a,
  author = {{Council for Environmental Stewardship}},
  title = {Annual Report},
  date = {2002/2003}
} 

@report{sus2008a,
  author = {{IU Task Force on Campus Sustainability}},
  title = {Campus Sustainability Report},
  date = {2008-01-07},
  location = {Bloomington},
  publisher = {Indiana University}
}

@article{cusack2009a,
  author = {Cusack, Nick},
  journal = {Indiana Daily Student},
  number = {},
  title = {First IU Sustainability Director Named},
  volume = {},
  date = {2009-02-19},
  pages = {}
}


@incollection{brown2012a,
  author = {William M. Brown and Michael W. Hamburger},
  editor = {Jacobs, Bruce A. and Kinzie, Jillian},
  booktitle = {Enhancing Sustainability Campuswide},
  publisher = {Wiley},
  title = {Organizing for Sustainability},
  year = {2012},
  series = {New Directions for Student Services},
  number = {137},
  pages = {83--96}
}

@incollection{jacobs2012a,
  author = {Jacobs, Bruce A. and Kinzie, Jillian},
  editor = {Jacobs, Bruce A. and Kinzie, Jillian},
  booktitle = {Enhancing Sustainability Campuswide},
  publisher = {Wiley},
  title = {Editors' Notes},
  year = {2012},
  series = {New Directions for Student Services},
  number = {137},
  pages = {1--6}
}


@booklet{keith2009a,
  author    = {Keith, Brian D.},
  title     = {Follow the Limestone: A Walking Tour of Indiana University},
  date      = {2018-07},
  location  = {Bloomington},
  publisher = {Originally published June 2009 by Indiana Geological Survey and Bloomington/Monroe County Convention and Visitors Bureau; republished July 2013 by Indiana Geological Survey and Visit Bloomington; current edition published July 2018 by Indiana Geological and Water Survey and Visit Bloomington},
  origdate  = {2009-06}
}

@booklet{keith2015a,
  author = {Keith, B. D. and Hill, B. T. and Johnson, M. R.},
  title = {Indiana University campus limestone tour},
  publisher = {Indiana Geological Survey},
  year = {2015},
  series = {Digital Information},
  number = {2},
  url = {https://legacy.igws.indiana.edu/bookstore/details.cfm?Pub_Num=DI02}
}

@book{ostrom1990a,
  author = {Ostrom, Elinor},
  publisher = {Cambridge University Press},
  title = {Governing the Commons: The Evolution of Institutions for Collective Action},
  location = {New York},
  year = {1990}
}

@report{smithgroupjjr2010,
  author = {SmithGroupJJR},
  title = {Indiana University Bloomington Campus Master Plan},
  date = {2010-03}
}

@collection{reynolds2010a,
  editor = {Reynolds, Heather and Brondizio, Eduardo and Robinson, Jennifer},
  publisher = {Indiana University Press},
  title = {Teaching Environmental Literacy: Across Campus and Across the Curriculum},
  year = {2010},
  location = {Bloomington}
}

@report{greening2010a,
  author = {},
  location = {Bloomington},
  publisher = {Indiana University},
  title = {Greening the IMU: Eco-Charrette Report},
  date = {2010-02-23}
}

@report{iuos2010a,
  author = {{IU Office of Sustainability}},
  title = {Office of Sustainability 2020 Vision},
  date = {2010}
}

@misc{botm2014a,
  author = {{Indiana University Board of Trustees}},

  url = {https://purl.dlib.indiana.edu/iudl/archives/iubot/2014-12-05},
  title = {Minutes of the Board of Trustees of Indiana University, 05 December 2014},
  date = {2014-12-05},
  institution = {Indiana University Archives & Indiana University Libraries Digital Collections Services},
  location = {Bloomington},
  urldate = {2025-04-24},
  commentator = {Havill, Andrea}
}

@article{reschke2017a,
  author = {Michael Reschke},
  journal = {Herald-Times},
  number = {},
  title = {IU building wave to keep going in 2018},
  volume = {},
  date = {2017-12-25},
  url = {https://www.heraldtimesonline.com/story/news/local/2017/12/26/iu-building-wave-to-keep-going-in-2018/117591668/},
  urldate = {2025-04-24}
}

@misc{botm2019a,
  author = {{Indiana University Board of Trustees}},

  url = {https://purl.dlib.indiana.edu/iudl/archives/iubot/2019-06-14},
  title = {Minutes of the Board of Trustees of Indiana University, 14 June 2019},
  date = {2019-06-14},
  institution = {Indiana University Archives & Indiana University Libraries Digital Collections Services},
  location = {Bloomington},
  urldate = {2025-04-24},
  commentator = {Havill, Andrea}
}

@misc{botm2017a,
  author = {{Indiana University Board of Trustees}},

  url = {https://purl.dlib.indiana.edu/iudl/archives/iubot/2017-10-05},
  title = {Minutes of the Board of Trustees of Indiana University, 05 October 2017--06 October 2017},
  date = {2019-10-05},
  institution = {Indiana University Archives & Indiana University Libraries Digital Collections Services},
  location = {Bloomington},
  urldate = {2025-04-24},
  commentator = {Havill, Andrea}
}

@article{chamness1915b,
  author = {Chamness, Ivy Leone},
  editor = {Chamness, Ivy Leone},
  journal = {Indiana University Alumni Quarterly},
  number = {2},
  title = {Alumni Notes by Classes},
  volume = {2},
  date = {1915-04},
  pages = {207}
}

@article{iuaq1916a,
  author = {},
  journal = {Indiana University Alumni Quarterly},
  number = {3},
  title = {Work of the Alumni Council},
  volume = {3},
  date = {1916-07},
  pages = {397--405}
}

@letter{chamness1920a,
  author = {Chamness, Ivy},
  title = {Letter to William Lowe Bryan},
  date = {1920-05-11},
  note = {IUA/C286/B54},
  institution = {Indiana University Archives}
}

@letter{chamness1919a,
  author = {Chamness, Ivy},
  title = {Letter to Alumni Council},
  date = {1919-03-22},
  note = {IUA/C286/B54},
  institution = {Indiana University Archives}
}

@letter{chamness1919b,
  author = {Chamness, Ivy},
  title = {Letter to William Lowe Bryan},
  date = {1919-06-18},
  note = {IUA/C286/B54},
  institution = {Indiana University Archives}
}

@article{iuaq1919a,
  author = {},
  journal = {Indiana University Alumni Quarterly},
  number = {3},
  title = {Alumni Council Meetings},
  volume = {6},
  date = {1919-07},
  pages = {392--394}
}

@article{morrison1919a,
  author = {Morrison, Sarah Parke},
  journal = {Indiana University Alumni Quarterly},
  number = {3},
  title = {Some Sidelights of Fifty Years Ago},
  volume = {6},
  date = {1919-07},
  pages = {529--535}
}

@article{iuaq1921a,
  author = {},
  journal = {Indiana University Alumni Quarterly},
  number = {},
  title = {Ivy Chamness to Edit Quarterly},
  volume = {8},
  year = {1921},
  pages = {331--332}
}

@article{iuaq1921b,
  author = {Levell, Frank H.},
  journal = {Indiana University Alumni Quarterly},
  number = {},
  title = {Report of the Alumni Secretary},
  volume = {8},
  year = {1921},
  pages = {323}
}

@article{iuaq1920a,
  author = {},
  journal = {Indiana University Alumni Quarterly},
  number = {},
  title = {The Centennial Commencement},
  volume = {7},
  year = {1920},
  pages = {370--418}
}

@article{chamness1921b,
  author = {Ivy L. Chamness},
  journal = {Educational Issues},
  number = {8},
  title = {Indiana University---Mother of College Presidents},
  volume = {2},
  year = {1921},
  pages = {28--29}
}

@article{chamness1922a,
  author = {Chamness, Ivy L.},
  journal = {Indiana University Alumni Quarterly},
  title = {Indiana University---Mother of College Presidents},
  volume = {9},
  date = {1922},
  pages = {46--49}
}

@article{chamness1923a,
  author  = {Chamness, Ivy L.},
  title   = {More College Presidents},
  journaltitle = {IU Alumni Quarterly},
  volume  = {10},
  date    = {1923},
  pages   = {334}
}

@article{chamness1923b,
  author  = {Chamness, Ivy L.},
  title   = {Another College President},
  journaltitle = {IU Alumni Quarterly},
  volume  = {10},
  date    = {1923},
  pages   = {512}
}

@article{chamness1938a,
  author  = {Chamness, Ivy L.},
  title   = {Another College President},
  journaltitle = {IU Alumni Quarterly},
  volume  = {25},
  date    = {1938},
  pages   = {59}
}

@article{cravens1927a,
  author = {John W. Cravens},
  journal = {Indiana University Alumni Quarterly},
  number = {},
  title = {The Trustees of Indiana University},
  volume = {14},
  year = {1927},
  pages = {465--483}
}


@unpublished{chamness1928a,
  author = {Ivy Leone Chamness},
  note = {Master's thesis, Indiana University},
  title = {A Study of Editorial Matters in the Catalogs of the Members of the National Association of State Universities},
  year = {1928},
  institution = {Indiana University}
}

@article{chamness1929a,
  author = {Ivy L. Chamness},
  journal = {Indiana University Alumni Quarterly},
  number = {1},
  title = {Indiana University in Earlier Days},
  subtitle = {I. As Reflected in Commencement and Exhibition Programs},
  volume = {16},
  year = {1929}, 
  pages = {33--45}
}

@article{chamness1929b,
  author = {Ivy L. Chamness},
  journal = {Indiana University Alumni Quarterly},
  number = {2},
  title = {Indiana University in Earlier Days},
  subtitle = {II. As Reflected in Early Issues of the \textit{Indiana Student}},
  volume = {16},
  year = {1929}, 
  pages = {199--221}
}

@article{chamness1930a,
  author = {Ivy Leone Chamness},
  journal = {Indiana University Alumni Quarterly},
  number = {1},
  title = {Indiana University in Earlier Days},
  subtitle = {III. As Reflected in the Issues of the \textit{Indiana Student} in the Nineties},
  volume = {17},
  year = {1930}, 
  pages = {22--38}
}

@article{chamness1931a,
  author = {Ivy Leone Chamness},
  journal = {Indiana University Alumni Quarterly},
  number = {2},
  title = {Indiana University in Earlier Days},
  subtitle = {IV. As Reflected in Issues of the \textit{Indiana Student} in the Nineties},
  volume = {18},
  year = {1931}, 
  pages = {156--171}
}

@article{chamness1931b,
  author = {Ivy Leone Chamness},
  journal = {Indiana University Alumni Quarterly},
  number = {1},
  title = {Indiana University in Earlier Days},
  subtitle = {V. As Reflected in Historical Material Recently Given to the institution},
  volume = {18},
  year = {1931}, 
  pages = {16--29}
}

@article{chamness1933a,
  author = {Ivy Leone Chamness},
  journal = {Indiana University Alumni Quarterly},
  number = {2},
  title = {Indiana University in Earlier Days},
  subtitle = {VI. As Reflected in Official Publications},
  volume = {20},
  year = {1933}, 
  pages = {159--168}
}

@article{chamness1934a,
  author = {Ivy Leone Chamness},
  journal = {Indiana University Alumni Quarterly},
  number = {2},
  title = {Indiana University in Earlier Days},
  subtitle = {VII. As Reflected in Official Publications},
  volume = {21},
  year = {1934}, 
  pages = {34--47}
}

@misc{iuaC286B54a,
  author       = {{Indiana University Archives}},
  title        = {Finding Aid, Collection 286, Box 54},
  institution  = {Indiana University},
  location     = {Bloomington, IN},
  note        = {IUA/C286/B54}
}

@letter{bryan1929a,
  author = {Bryan, William Lowe},
  title = {Letter to James {A.} Woodburn},
  date = {1929-06-17},
  note = {IUA/C83/B3/F Publications, Galleys, & Transcripts},
  institution = {Indiana University Archives}
}

@letter{bryan1934a,
  author = {Bryan, William Lowe},
  title = {Letter to James {A.} Woodburn},
  date = {1934-11-17},
  note = {IUA/C83/B3/F Publications, Galleys, & Transcripts},
  institution = {Indiana University Archives}
}

@letter{woodburn1935a,
  author = {Woodburn, James A.},
  title = {Letter to William Lowe Bryan},
  date = {1935-02-28},
  note = {IUA/C83/B3/F Publications, Galleys, & Transcripts},
  institution = {Indiana University Archives}
}

@letter{chamness1935a,
  author = {Chamness, Ivy},
  title = {Letter to Mrs. C. J. Sembower},
  date = {1935-06-03},
  note = {IUA/C84/B1/F Edited Manuscripts-Alumni Quarterly},
  institution = {Indiana University Archives}
}

@misc{meetingWoodburn1936a,
  title     = {Meeting in Woodburn Room, June 4, 1936},
  note      = {Folder: Publications, Galleys \& Transcripts, IUA/C83/B3/F, Indiana University Archives},
  date      = {1936-06-04},
  keywords  = {archival}
}

@article{iuaq1937b,
  author = {},
  journal = {Indiana University Alumni Quarterly},
  number = {1},
  title = {Alumni Notes by Classes},
  subtitle = {1906},
  volume = {24},
  year = {1937},
  pages = {74}
}

@article{iuaq1938a,
  author = {},
  journal = {Indiana University Alumni Quarterly},
  number = {3},
  title = {Commencement, 1938},
  volume = {25},
  year = {1938},
  pages = {298--337}
}

@letter{chamness1938b,
  author = {Chamness, Ivy},
  title = {Letter to Herman {B} Wells},
  date = {1938},
  note = {IUA/C213/B118},
  institution = {Indiana University Archives}
}

@letter{chamness1940a, 
  author = {Chamness, Ivy},
  title = {Letter to James {A.} Woodburn},
  date = {1940-11-30},
  note = {IUA/C83/B4/F Testimonial Banquet/Correspondence},
  institution = {Indiana University Archives}
}

@misc{botm1941a,
  author = {{Indiana University Board of Trustees}},

  url = {https://purl.dlib.indiana.edu/iudl/archives/iubot/1941-09-25},
  title = {Minutes of the Board of Trustees of Indiana University, 25 September 1941--27 September 1941},
  date = {1941-09-27},
  institution = {Indiana University Archives & Indiana University Libraries Digital Collections Services},
  location = {Bloomington},
  urldate = {2025-04-30},
  commentator = {Havill, Andrea}
}

@misc{woodburnTestimonial,
  author       = {James A. Woodburn},
  title        = {Presentation of the \emph{History of Indiana University}, Volume {I} at the Woodburn Testimonial Dinner},
  location     = {Indiana University Archives},
  note      = {IUA/C83/B4/F Woodburn, James}
}

@letter{myers1941a,
  author = {Myers, Burton D.},
  title = {Letter to Herman {B} Wells},
  date = {1941-04-01},
  note = {IUA/C213/B404/F Myers, Dean B. D.},
  institution = {Indiana University Archives}
}

@misc{botm1941b,
  author = {{Indiana University Board of Trustees}},

  url = {https://purl.dlib.indiana.edu/iudl/archives/iubot/1941-05-30},
  title = {Minutes of the Board of Trustees of Indiana University, 30 May 1941--02 June 1941},
  date = {1941-05-31},
  institution = {Indiana University Archives & Indiana University Libraries Digital Collections Services},
  location = {Bloomington},
  urldate = {2025-04-30},
  commentator = {Havill, Andrea}
}

@letter{wells1941a,
  author = {Wells, Herman {B}},
  title = {Letter to Burton {D.} Myers},
  date = {1941-07-18},
  note = {IUA/C213/B404},
  institution = {Indiana University Archives},
  keywords = {archival}
}

@letter{riddle1942a,
  author = {Riddle, Ward G.},
  title = {Letter to Burton {D.} Myers},
  date = {1942-04-21},
  note = {IUA/C213/B404},
  institution = {Indiana University Archives}
} 

@misc{botm1942a,
  author = {{Indiana University Board of Trustees}},

  url = {https://purl.dlib.indiana.edu/iudl/archives/iubot/1942-06-22},
  title = {Minutes of the Board of Trustees of Indiana University, 22 June 1942--23 June 1942},
  date = {1942-06-23},
  institution = {Indiana University Archives & Indiana University Libraries Digital Collections Services},
  location = {Bloomington},
  urldate = {2025-04-30},
  commentator = {Havill, Andrea}
}

@misc{botm1943a,
  author = {{Indiana University Board of Trustees}},

  url = {https://purl.dlib.indiana.edu/iudl/archives/iubot/1943-12-19},
  title = {Minutes of the Board of Trustees of Indiana University, 19 December 1943},
  date = {1943-12-19},
  institution = {Indiana University Archives & Indiana University Libraries Digital Collections Services},
  location = {Bloomington},
  urldate = {2025-04-30},
  commentator = {Havill, Andrea}
}

@misc{botm1944a,
  author = {{Indiana University Board of Trustees}},

  url = {https://purl.dlib.indiana.edu/iudl/archives/iubot/1944-01-28},
  title = {Minutes of the Board of Trustees of Indiana University, 28 January 1944--30 January 1944},
  date = {1944-01-28},
  institution = {Indiana University Archives & Indiana University Libraries Digital Collections Services},
  location = {Bloomington},
  urldate = {2025-04-30},
  commentator = {Havill, Andrea}
}

@article{chamness1945a,
  author = {Ivy L. Chamness},
  journal = {Indiana Alumni Magazine},
  number = {9},
  title = {The First 125 Years},
  volume = {7},
  year = {1945},
  pages = {11--14}
}

@misc{botm1947b,
  author = {{Indiana University Board of Trustees}},

  url = {https://purl.dlib.indiana.edu/iudl/archives/iubot/1947-09-22},
  title = {Minutes of the Board of Trustees of Indiana University, 22 September 1947},
  date = {1947-09-22},
  institution = {Indiana University Archives & Indiana University Libraries Digital Collections Services},
  location = {Bloomington},
  urldate = {2025-04-30},
  commentator = {Havill, Andrea}
}


@misc{chamness1000a,
  author       = {Ivy L. Chamness},
  title        = {IUA/C84/B1/F Edited Manuscripts-Myers},
  institution  = {Indiana University Archives},
  location     = {Bloomington, IN}
}


@misc{botm1950a,
  author = {{Indiana University Board of Trustees}},

  url = {https://purl.dlib.indiana.edu/iudl/archives/iubot/1950-02-17},
  title = {Minutes of the Board of Trustees of Indiana University, 17 February 1950},
  date = {1950-02-17},
  institution = {Indiana University Archives & Indiana University Libraries Digital Collections Services},
  location = {Bloomington},
  urldate = {2025-05-02},
  commentator = {Havill, Andrea}
}

@misc{botm1950b,
  author = {{Indiana University Board of Trustees}},

  url = {https://purl.dlib.indiana.edu/iudl/archives/iubot/1950-01-19},
  title = {Minutes of the Board of Trustees of Indiana University, 19 January 1950},
  date = {1950-01-19},
  institution = {Indiana University Archives & Indiana University Libraries Digital Collections Services},
  location = {Bloomington},
  urldate = {2025-05-02},
  commentator = {Havill, Andrea}
}

@misc{botm1950c,
  author = {{Indiana University Board of Trustees}},

  url = {https://purl.dlib.indiana.edu/iudl/archives/iubot/1950-03-17},
  title = {Minutes of the Board of Trustees of Indiana University, 17 March 1950},
  date = {1950-03-17},
  institution = {Indiana University Archives & Indiana University Libraries Digital Collections Services},
  location = {Bloomington},
  urldate = {2025-05-02},
  commentator = {Havill, Andrea}
}

@misc{botm1950d,
  author = {{Indiana University Board of Trustees}},

  url = {https://purl.dlib.indiana.edu/iudl/archives/iubot/1950-05-19},
  title = {Minutes of the Board of Trustees of Indiana University, 19 May 1950},
  date = {1950-05-19},
  institution = {Indiana University Archives & Indiana University Libraries Digital Collections Services},
  location = {Bloomington},
  urldate = {2025-05-02},
  commentator = {Havill, Andrea}
}

@misc{botm1953a,
  author       = {{Indiana University Board of Trustees}},
  title        = {Minutes of the Board of Trustees of Indiana University, 12 June 1953},

  date         = {1953-06-12},
  url          = {https://purl.dlib.indiana.edu/iudl/archives/iubot/1953-06-12},
  urldate      = {2025-05-02},
  institution  = {Indiana University Archives and Indiana University Libraries Digital Collections Services},
  location     = {Bloomington, IN}
}


@misc{committeeNames,
  title        = {IUA/C239/B3 All-University Committee on Names },
  institution  = {Indiana University Archives},
  location     = {Bloomington, IN}
}

@book{myers1956a,
  author = {Burton Dorr Myers},
  title = {The History of Medical Education in Indiana},
  publisher = {Indiana University Press},
  location = {Bloomington},
  year = {1956}
}
  
@online{iuChamness,
  title     = {{About Ivy L. Chamness}},
  year      = {n.d.},
  url       = {https://honorsandawards.iu.edu/awards/honoree/2297.html},
  urldate   = {2025-05-02}
}

@misc{botm1885b,
  author       = {{Indiana University Board of Trustees}},
  title        = {Minutes of the Board of Trustees of Indiana University, 05 November 1885--11 November 1885},

  date         = {1885-11-11},
  url          = {https://purl.dlib.indiana.edu/iudl/archives/iubot/1885-11-05},
  urldate      = {2025-05-02},
  institution  = {Indiana University Archives and Indiana University Libraries Digital Collections Services},
  location     = {Bloomington, IN}
}

@misc{botm1888a,
  author       = {{Indiana University Board of Trustees}},
  title        = {Minutes of the Board of Trustees of Indiana University, 01 June 1888--07 June 1888},

  date         = {1888-06-02},
  url          = {https://purl.dlib.indiana.edu/iudl/archives/iubot/1888-06-01},
  urldate      = {2025-05-02},
  institution  = {Indiana University Archives and Indiana University Libraries Digital Collections Services},
  location     = {Bloomington, IN}
}

@misc{botm1937a,
  author       = {{Indiana University Board of Trustees}},
  title        = {Minutes of the Board of Trustees of Indiana University, 22 November 1937--23 November 1937},

  date         = {1937-11-23},
  url          = {https://purl.dlib.indiana.edu/iudl/archives/iubot/1937-11-22},
  urldate      = {2025-05-05},
  institution  = {Indiana University Archives and Indiana University Libraries Digital Collections Services},
  location     = {Bloomington, IN}
}

@misc{botm1940b,
  author = {{Indiana University Board of Trustees}},

  url = {https://purl.dlib.indiana.edu/iudl/archives/iubot/1940-03-25},
  title = {Minutes of the Board of Trustees of Indiana University, 25 March 1940--26 March 1940},
  date = {1940-03-26},
  institution = {Indiana University Archives & Indiana University Libraries Digital Collections Services},
  location = {Bloomington},
  urldate = {2025-05-05}
}

@book{madison2010a,
  author = {James H. Madison},
  publisher = {Indiana University Department of History},
  title = {Indiana University Department of History},
  subtitle = {Past to Present},
  year = {2010},
  location = {Bloomington}
}

@misc{iu_faculty_necrology,
  author       = {},
  title        = {Faculty Necrology},
  howpublished = {Reference file, Indiana University Archives}
}

@book{day1992a,
  author = {Harry G. Day},
  location = {Bloomington},
  publisher = {Indiana University},
  title = {The Development of Chemistry at Indiana University, 1829--1991},
  year = {1992}
}

@collection{gray1973a,
  editor = {Donald J. Gray},
  publisher = {Indiana University},
  title = {The Department of English at Indiana University Bloomington, 1868--1970},
  year = {1973},
  location = {Bloomington}
}

@unpublished{gray2017a,
  author    = {Gray, Donald J.},
  title     = {The IU Necrologist: Duties and Procedures},
  year      = {circa 2017}
}



@online{iubfc2018a,
  author      = {{Indiana University Bloomington Faculty Council}},
  title       = {ndiana University Bloomington Faculty Council Minutes, 06 February 2018},
  date        = {2018-02-06},
  url         = {https://purl.dlib.indiana.edu/iudl/archives/bfc/2018-02-06},
  urldate     = {2025-05-05},
  institution = {Indiana University Archives \& Indiana University Libraries Digital Collections Services},
  location    = {Bloomington}
}

@collection{buckley2019a,
  editor = {Keith Buckley, Derek F. DiMatteo, Linda Fariss, Kelly Kish, and Colleen Pauwels},
  title = {Trustees and Officers of Indiana University, Volume III: 1982--2018},
  publisher = {Indiana University},
  year = {2019},
  location = {Bloomington}
}

@book{roehr1983a,
  author = {Eleanor Roehr},
  title = {Trustees and Officers of Indiana University, 1950 to 1982},
  publisher = {Indiana University},
  location = {Bloomington},
  year = {1983}
}

@book{shirley2004a,
  author       = {Shirley, Janet Carter},
  title        = {The Indiana University Alumni Association: One Hundred and Fifty Years, 1854--2004},
  location     = {Bloomington},
  publisher    = {Indiana University Alumni Association},
  year         = {2004}
}

@misc{dagger,
  title        = {The Dagger: 1875--80},
  note         = {Reference file, Indiana University Archives},
  institution  = {Indiana University Archives},
  location     = {Bloomington}
}

@book{field1952a,
  author = {Oliver P. Field},
  publisher = {Bureau of Government Research, Department of Government, Indiana University,},
  location = {Bloomington},
  title = {Political Science at Indiana University, 1829--1951},
  year = {1952}
}

@misc{wells1992a,
  author       = {Herman B Wells},
  title        = {Oral History Interview by Bonnie Williams},
  date         = {1992-03-19},
  institution = {Wylie House Collections}
}


@misc{hershey,
  title        = {Hershey, Mrs. Amos Shartle},
  note         = {IUA/C213/B268/F},
  institution  = {Indiana University Archives},
  location     = {Bloomington, IN}
}

@misc{botm1937b,
  author       = {{Indiana University Board of Trustees}},
  title        = {Minutes of the Board of Trustees of Indiana University, 09 August 1937},

  date         = {1937-08-09},
  url          = {https://purl.dlib.indiana.edu/iudl/archives/iubot/1937-08-09},
  urldate      = {2025-05-06},
  institution  = {Indiana University Archives and Indiana University Libraries Digital Collections Services},
  location     = {Bloomington, IN}
}

@letter{quinn1938a,
  author = {Quinn, Roy},
  title = {Letter to Herman Wells},
  date = {1938-05-16},
  note = {IUA/C213/B455},
  institution = {Indiana University Archives}
}

@letter{wells1938a,
  author = {Wells, Herman B},
  title = {Letter to Roy Quinn},
  date = {1938-05-26},
  note = {IUA/C213/B455},
  institution = {Indiana University Archives}
}

@letter{wells1939a,
  author = {Wells, Herman B},
  title = {Letter to Roy Quinn},
  date = {1939-05-02},
  note = {IUA/C213/B455. IUA/Reference file: Foundation Day},
  institution = {Indiana University Archives}
}


@article{indynews1939a,
  author = {},
  journal = {Indianapolis News},
  number = {},
  title = {{I.U.} Founding to Be Observed by Alumni Throughout the World},
  volume = {},
  date= {1939-05-02},
  pages = {13}
}

@article{indystar1939a,
  title        = {Inaugurating what is expected to be an annual custom},
  journal      = {Indianapolis Star},
  date         = {1939-05-05},
  pages        = {17},
  note         = {Photo caption}
}


@misc{iua_c213_b30,
  note         = {IUA/C213/B30/F},
  institution  = {Indiana University Archives},
  location     = {Bloomington}
}

@misc{botm1941c,
  author       = {{Indiana University Board of Trustees}},
  title        = {Minutes of the Board of Trustees of Indiana University, 10 October 1941--11 October 1941},

  date         = {1941-10-10},
  url          = {https://purl.dlib.indiana.edu/iudl/archives/iubot/1941-10-10},
  urldate      = {2025-05-06},
  institution  = {Indiana University Archives and Indiana University Libraries Digital Collections Services},
  location     = {Bloomington, IN}
}

@misc{botm1947c,
  author       = {{Indiana University Board of Trustees}},
  title        = {Minutes of the Board of Trustees of Indiana University, 12 June 1947--14 June 1947},

  date         = {1947-06-12/1947-06-14},
  url          = {https://purl.dlib.indiana.edu/iudl/archives/iubot/1947-06-13},
  urldate      = {2025-05-06},
  institution  = {Indiana University Archives and Indiana University Libraries Digital Collections Services},
  location     = {Bloomington, IN}
}

@misc{botm1947d,
  author       = {{Indiana University Board of Trustees}},
  title        = {Minutes of the Board of Trustees of Indiana University, 30 June 1947},

  date         = {1947-06-30},
  url          = {https://purl.dlib.indiana.edu/iudl/archives/iubot/1947-06-30},
  urldate      = {2025-05-06},
  institution  = {Indiana University Archives and Indiana University Libraries Digital Collections Services},
  location     = {Bloomington, IN}
}

@misc{botm1951a,
  author       = {{Indiana University Board of Trustees}},
  title        = {Minutes of the Board of Trustees of Indiana University, 16 November 1951},

  date         = {1951-11-16},
  url          = {https://purl.dlib.indiana.edu/iudl/archives/iubot/1951-11-16},
  urldate      = {2025-05-06},
  institution  = {Indiana University Archives and Indiana University Libraries Digital Collections Services},
  location     = {Bloomington, IN}
}

@misc{botm1952a,
  author       = {{Indiana University Board of Trustees}},
  title        = {Minutes of the Board of Trustees of Indiana University, 01 December 1952},

  date         = {1952-12-01},
  url          = {https://purl.dlib.indiana.edu/iudl/archives/iubot/1952-12-01},
  urldate      = {2025-05-06},
  institution  = {Indiana University Archives and Indiana University Libraries Digital Collections Services},
  location     = {Bloomington, IN}
}

@article{wells1962a,
  author = {Wells, Herman G. [sic]},
  journal = {Filson Club Historical Quarterly},
  number = {},
  title = {The Early History of Indiana University as Reflected in the Administration of Andrew Wylie, 1829--1851},
  volume = {36},
  year = {1962},
  pages = {113--127}
}

@incollection{mclaughlin1983a,
  author = {McLaughlin, H. Roll},
  booktitle = {Historic American Buildings Survey in Indiana},
  publisher = {Indiana University Press},
  title = {HABS in Indiana, 1955--1982: Recollections},
  year = {1983},
  location = {Bloomington},
  editor = {Slade, T. M.},
  pages = {13--20}
}

@report{wyliehouse2001a,
  author = {{Preservation Development Inc.}},
  title = {Wylie House Historic Structure Report},
  year = {2001},
  location = {Bloomington}
}



@misc{botm1961b,
  author       = {{Indiana University Board of Trustees}},
  title        = {Minutes of the Board of Trustees of Indiana University, 20 January 1961--21 January 1961},

  date         = {1961-01-20/1961-01-21},
  url          = {https://purl.dlib.indiana.edu/iudl/archives/iubot/1961-01-20},
  urldate      = {2025-05-07},
  institution  = {Indiana University Archives and Indiana University Libraries Digital Collections Services},
  location     = {Bloomington, IN}
}

@misc{stahr1967a,
  author       = {Stahr, Elvis},
  title        = {Founders' Day Ceremonial},
  date         = {1967-05-03},
  note         = {IUA/C75},
  url          = {http://fedora.dlib.indiana.edu/fedora/get/iudl:2078062/OVERVIEW},
  institution  = {Indiana University Archives}
}

@misc{botm1972a,
  author       = {{Indiana University Board of Trustees}},
  title        = {Minutes of the Board of Trustees of Indiana University, 22 September 1972},

  date         = {1972-09-22},
  url          = {https://purl.dlib.indiana.edu/iudl/archives/iubot/1972-09-22},
  urldate      = {2025-05-07},
  institution  = {Indiana University Archives and Indiana University Libraries Digital Collections Services},
  location     = {Bloomington, IN}
}

@misc{botm1983a,
  author       = {{Indiana University Board of Trustees}},
  title        = {Minutes of the Board of Trustees of Indiana University, 09 April 1983},

  date         = {1983-04-09},
  url          = {https://purl.dlib.indiana.edu/iudl/archives/iubot/1983-04-09},
  urldate      = {2025-05-08},
  institution  = {Indiana University Archives and Indiana University Libraries Digital Collections Services},
  location     = {Bloomington, IN}
}


@article{williams1996a,
  author = {Bonnie Williams},
  journal = {Association for Living Historical Farms and Agricultural Museums Proceedings},
  number = {},
  title = {Playing in the Stream of History: A Flexible Approach to First-Person Interpretation},
  volume = {14},
  year = {1996},
  pages = {255--261}
}

@misc{botm1994a,
  author       = {{Indiana University Board of Trustees}},
  title        = {Minutes of the Board of Trustees of Indiana University, 24 September 1994},

  date         = {1994-09-24},
  url          = {https://purl.dlib.indiana.edu/iudl/archives/iubot/1994-09-24},
  urldate      = {2025-05-08},
  institution  = {Indiana University Archives and Indiana University Libraries Digital Collections Services},
  location     = {Bloomington, IN}
}

@collection{williams1995a,
  editor = {Bonnie Williams and Elaine Herold},
  title = {Affectionately Yours: The Andrew Wylie Family Letters, 1828 to 1859},
  publisher = {Indiana University Wylie House Museum},
  year = {1995},
  location = {Bloomington}
}

@misc{wyliehouse2001b,
  title        = {Wylie House Music from the Parlor},
  year         = {2001},
  note         = {Audio recording; liner notes by Sophia Grace Travis}
}


@book{chaudemanche2000a,
  editor       = {Diane Chaudemanche and Elaine Herold},
  title        = {Andrew Wylie: A Bibliography},
  date         = {2000-11},
  url          = {http://hdl.handle.net/2022/20329}
}


@misc{botm2000a,
  author       = {{Indiana University Board of Trustees}},
  title        = {Minutes of the Board of Trustees of Indiana University, 15 September 2000},

  date         = {2000-09-15},
  url          = {https://purl.dlib.indiana.edu/iudl/archives/iubot/2000-09-15},
  urldate      = {2025-05-08},
  institution  = {Indiana University Archives and Indiana University Libraries Digital Collections Services},
  location     = {Bloomington, IN}
}

@mvbook{burgess2011a,
  editor = {Jo Burgess},
  title = {Affectionately Yours: The Andrew Wylie Family Letters},
  volumes = {I: 1828--1859, II: 1860--1918},
  publisher = {Wylie House Museum},
  year = {2011},
  address = {Bloomington},
  note = {Volume I: \url{https://scholarworks.iu.edu/dspace/items/4323e65e-8053-4624-a19c-cec3c14205f0}; Volume II: \url{https://scholarworks.iu.edu/dspace/items/4c56273e-06d6-427e-a533-769e9cf5504e}}
}

@misc{botm2006a,
  author       = {{Indiana University Board of Trustees}},
  title        = {Minutes of the Board of Trustees of Indiana University, 09 June 2006},

  date         = {2006-06-09},
  url          = {https://purl.dlib.indiana.edu/iudl/archives/iubot/2006-06-09},
  urldate      = {2025-05-08},
  institution  = {Indiana University Archives and Indiana University Libraries Digital Collections Services},
  location     = {Bloomington, IN}
}

@misc{botm2008a,
  author       = {{Indiana University Board of Trustees}},
  title        = {Minutes of the Board of Trustees of Indiana University, 15 August 2008},

  date         = {2008-08-15},
  url          = {https://purl.dlib.indiana.edu/iudl/archives/iubot/2008-08-15},
  urldate      = {2025-05-08},
  institution  = {Indiana University Archives and Indiana University Libraries Digital Collections Services},
  location     = {Bloomington, IN}
}

@misc{botm2009a,
  author       = {{Indiana University Board of Trustees}},
  title        = {Minutes of the Board of Trustees of Indiana University, 14 August 2009},

  date         = {2009-08-14},
  url          = {https://purl.dlib.indiana.edu/iudl/archives/iubot/2009-08-14},
  urldate      = {2025-05-08},
  institution  = {Indiana University Archives and Indiana University Libraries Digital Collections Services},
  location     = {Bloomington, IN}
}

@misc{botm2010a,
  author       = {{Indiana University Board of Trustees}},
  title        = {Minutes of the Board of Trustees of Indiana University, 07 May 2010},

  date         = {2010-05-07},
  url          = {https://purl.dlib.indiana.edu/iudl/archives/iubot/2010-05-07},
  urldate      = {2025-05-08},
  institution  = {Indiana University Archives and Indiana University Libraries Digital Collections Services},
  location     = {Bloomington, IN}
}

@movie{brancolini1993a,
  title = {The Vision of Herman {B} Wells},
  director = {Eugene Brancolini},
  year = {1993},
  type = {Documentary film}
}

@article{levine1997a,
  author = {Arthur Levine},
  journal = {Daedalus},
  number = {4},
  title = {How the Academic Profession Is Changing},
  volume = {126},
  year = {1997},
  pages = {1--20}
}

@article{levine1997b,
  author = {Arthur Levine},
  journal = {About Campus: Enriching the Student Learning Experience},
  number = {3},
  title = {Higher Education Becomes a Mature Industry},
  volume = {2},
  year = {1997},
  pages = {31--32},
  doi = {10.1177/108648229700200}
}

@misc{botm2012a,
  author       = {{Indiana University Board of Trustees}},
  title        = {Minutes of the Board of Trustees of Indiana University, 07 December 2012},

  date         = {2012-12-07},
  url          = {https://purl.dlib.indiana.edu/iudl/archives/iubot/2012-12-07},
  urldate      = {2025-05-23},
  institution  = {Indiana University Archives and Indiana University Libraries Digital Collections Services},
  location     = {Bloomington, IN}
}

@unpublished{wyliehouse2016a,
  author       = {{Wylie House Museum, Indiana University Libraries}},
  title        = {Wylie House Museum Handbook},
  date        = {2016/2017}
}

@article{ids1904a,
  author = {},
  journal = {Indiana Daily Student},
  number = {},
  title = {Campus Improvements Due to Prof. Mottier},
  volume = {},
  date = {1904-02-05},
  pages = {1}
}

@article{ids1935a,
  author = {},
  journal = {Indiana Daily Student},
  number = {},
  title = {Professors Take Divergent Views on Building Site},
  volume = {},
  date = {1935-03-28},
  pages = {1, 3}
}

@article{ids1898a,
  author = {},
  journal = {Indiana Student},
  number = {},
  title = {},
  volume = {},
  date = {1898-04-01},
  pages = {53}
}

@article{ids1903a,
  author = {},
  journal = {Daily Student},
  number = {},
  title = {The Decline of Campustry},
  volume = {},
  date = {1903-11-11},
  pages = {}
}

@misc{bfcm2010a,
  author = {{Indiana University Bloomington Faculty Council}},
  url = {https://purl.dlib.indiana.edu/iudl/archives/bfc/2010-09-07},
  title = {Indiana University Bloomington Faculty Council Minutes, 07 September 2010},
  date = {2010-09-07},
  institution = {Indiana University Archives & Indiana University Libraries Digital Collections Services},
  location = {Bloomington},
  urldate = {2025-06-03},
  commentator = {Bloomington Faculty Council Office}
}

@article{snyder1993a,
  author = {Gary Snyder},
  journal = {Chicago Review},
  number = {3/4},
  title = {Coming in to the Watershed: Biological and Cultural Diversity in the California Habitat},
  volume = {39},
  year = {1993},
  doi = {10.2307/25305721},
  pages = {75--86}
}

@incollection{rothblatt2008a,
  author = {Sheldon Rothblatt},
  editor = {Beretta, Marco and Grandin, Karl and Lindqvist, Svante},
  booktitle = {Aurora Torealis: Studies in the History of Science and Ideas in Honor of Tore Frängsmyr},
  publisher = {Science History Publications},
  address = {Sagamore Beach, MA},
  title = {A Note on the `Integrity' of the University},
  year = {2008},
  pages = {277--298}
}

@book{relph1976a,
  author = {Edward Relph},
  publisher = {Pion Limited},
  address = {London},
  title = {Place and Placelessness},
  year = {1976}
}

@book{vico1984a,
  author = {Giambattista Vico},
  title        = {The New Science of Giambattista Vico},
  subtitle     = {Unabridged Translation of the Third Edition (1744) with the addition of the "Practic of the New Science"},
  translator   = {Thomas Goddard Bergin and Max Harold Fisch},
  publisher    = {Cornell University Press},
  location     = {Ithaca, NY},
  year         = {1984}
}

@collection{adair1974a,
author = {Douglass Adair},
title = {Fame and the Founding Fathers},
subtitle = {Essays by Douglass Adair},
editor = {Trevor Colburn},
publisher = {W. W. Norton \& Company},
location = {New York}, 
year = {1974}
}

@book{chapman2006a,
  author = {Chapman, M. Perry},
  address = {Westport, CT},
  publisher = {Praeger},
  title = {American Places: In Search of the Twenty-First Century Campus},
  year = {2006}
}

@book{trouillot1995a,
  author = {Michel-Rolph Trouillot},
  address = {Boston},
  publisher = {Beacon Press},
  title = {Silencing the Past},
  subtitle = {Power and the Production of History},
  year = {1995}
}

@article{turner1891a,
  author = {Turner, F. J.},
  journal = {Wisconsin Journal of Education and Midland School Journal},
  number = {10/11},
  title = {The Significance of History},
  volume = {21},
  date = {1891-10/1891-11},
  pages = {230--234, 253--256}
}

@book{pope1731a,
  author    = {Alexander Pope},
  title     = {An Epistle to the Right Honourable Richard Earl of Burlington},
  year      = {1731},
  location  = {London},
  publisher = {L. Gilliver}
}

@book{carr1961a,
  author = {Edward Hallett Carr},
  location = {New York},
  publisher = {Knopf},
  title = {What is History?},
  year = {1961}
}

@article{herold1929a,
  author = {Don Herold},
  journal = {College Humor},
  number = {},
  title = {},
  volume = {},
  date = {1929-11},
  pages = {130--131}
}
